Time,Instrument,Operation,OrderId,Side,Volume,Price,Lifespan
0.0,0,Insert,1696612,B,200,3488,GFD
0.0,0,Insert,1992925,B,200,3488,GFD
0.0,0,Insert,1553984,B,100,3493,GFD
0.0,0,Insert,1540391,B,100,3507,GFD
0.0,0,Insert,1960736,A,400,3520,GFD
0.0,0,Insert,1921700,A,1900,3521,GFD
0.0,0,Insert,1992698,A,600,3521,GFD
0.0,0,Insert,1652301,A,600,3516,GFD
0.0,0,Insert,1711057,B,100,3494,GFD
0.0,0,Insert,1712741,A,600,3519,GFD
0.0,0,Insert,1731288,B,500,3493,GFD
0.0,0,Insert,1550030,B,100,3489,GFD
0.0,0,Insert,1417479,B,500,3494,GFD
0.0,0,Insert,1739666,A,4100,3517,GFD
0.0,0,Insert,1424709,B,100,3505,GFD
0.0,0,Insert,1437277,B,100,3491,GFD
0.0,0,Insert,1997379,A,600,3517,GFD
0.0,0,Insert,1893175,B,400,3483,GFD
0.0,0,Insert,1767120,B,200,3493,GFD
0.0,0,Insert,1552865,A,200,3523,GFD
0.0,0,Insert,1709480,B,600,3505,GFD
0.0,0,Insert,1880803,B,100,3489,GFD
0.0,0,Insert,1462880,B,600,3508,GFD
0.0,0,Insert,1764278,B,100,3497,GFD
0.0,0,Insert,1755786,B,100,3499,GFD
0.0,0,Insert,1449361,B,100,3489,GFD
0.0,0,Insert,1693674,A,100,3516,GFD
0.0,0,Insert,1886291,B,200,3487,GFD
0.0,0,Insert,1499295,B,100,3498,GFD
0.0,0,Insert,1960718,B,200,3488,GFD
0.0,0,Insert,1870069,B,100,3504,GFD
0.0,0,Insert,1397947,B,100,3489,GFD
0.0,0,Insert,1639182,B,200,3476,GFD
0.0,0,Insert,1978433,B,200,3487,GFD
0.0,0,Insert,1975303,B,600,3504,GFD
0.0,0,Insert,1593223,B,100,3494,GFD
0.0,0,Insert,1545845,B,600,3503,GFD
0.0,0,Insert,1519534,B,100,3501,GFD
0.0,0,Insert,1396085,B,500,3509,GFD
0.0,0,Insert,1588037,A,600,3523,GFD
0.0,0,Insert,1441592,A,600,3520,GFD
0.0,0,Insert,1904890,B,600,3507,GFD
0.0,0,Insert,1786507,B,400,3501,GFD
0.0,0,Insert,1511245,A,4900,3516,GFD
0.0,0,Insert,1759986,B,400,3496,GFD
0.0,0,Insert,1729652,B,100,3505,GFD
0.0,0,Insert,1507159,B,200,3487,GFD
0.0,0,Insert,1959976,B,100,3493,GFD
0.0,0,Insert,1941997,B,1000,3499,GFD
0.0,0,Insert,1717325,A,600,3515,GFD
0.0,0,Insert,1996515,A,600,3518,GFD
0.0,0,Insert,1966730,A,600,3524,GFD
0.0,0,Insert,1671294,B,600,3509,GFD
0.0,0,Insert,1821322,B,400,3491,GFD
0.0,0,Insert,1713424,B,100,3497,GFD
0.0,0,Insert,1835417,A,600,3522,GFD
0.0,0,Insert,1716673,B,500,3511,GFD
0.0,0,Insert,1925135,B,200,3488,GFD
0.0,0,Insert,1893554,B,100,3508,GFD
0.0,0,Insert,1913841,B,100,3507,GFD
0.0,0,Insert,1786042,B,200,3487,GFD
0.0,0,Insert,1688439,B,100,3497,GFD
0.0,0,Insert,1574297,B,600,3506,GFD
0.0,0,Insert,1405174,B,100,3505,GFD
0.0,0,Insert,1515691,B,100,3491,GFD
0.0,0,Insert,1700552,B,500,3513,GFD
0.0,0,Insert,1447432,B,100,3489,GFD
0.0,0,Insert,1556097,B,500,3511,GFD
0.0,0,Insert,1498007,B,200,3493,GFD
0.0,0,Insert,1564258,B,200,3488,GFD
0.0,0,Insert,1391123,B,100,3493,GFD
0.0,0,Insert,1686891,B,100,3501,GFD
0.0,0,Insert,1601660,B,100,3493,GFD
0.044792,1,Insert,5047968,B,81,3513,GFD
0.087711,0,Cancel,1960736,,,,
0.115055,1,Insert,5047969,A,2,3516,GFD
0.161951,1,Insert,5047970,A,34,3512,GFD
0.186113,1,Insert,7057254,A,10000,3517,GFD
0.186113,1,Insert,7057255,B,10000,3512,GFD
0.199876,0,Insert,1628515,A,100,3517,GFD
0.199909,0,Insert,1688032,B,100,3508,GFD
0.334813,0,Insert,1998735,B,100,3515,FAK
0.337378,0,Insert,1494106,B,400,3510,GFD
0.337442,0,Insert,1952690,A,400,3518,GFD
0.439603,0,Insert,1421652,A,100,3515,GFD
0.472251,0,Cancel,1511245,,,,
0.472324,0,Insert,1586141,B,600,3510,GFD
0.472352,0,Cancel,1421652,,,,
0.472377,0,Cancel,1717325,,,,
0.472426,0,Cancel,1652301,,,,
0.472558,0,Cancel,1628515,,,,
0.472607,0,Insert,1496741,B,100,3509,GFD
0.472666,0,Insert,1408059,A,100,3518,GFD
0.499856,0,Cancel,1688032,,,,
0.508013,0,Insert,1436624,A,4900,3516,GFD
0.508075,0,Insert,1814414,A,100,3517,GFD
0.572417,0,Insert,1878020,A,600,3515,GFD
0.582426,0,Insert,1499719,A,600,3516,GFD
0.599854,0,Cancel,1408059,,,,
0.677707,1,Insert,5047971,B,42,3516,GFD
0.691817,1,Cancel,7057254,,,,
0.691817,1,Cancel,7057255,,,,
0.691817,1,Insert,7057256,A,10000,3517,GFD
0.691817,1,Insert,7057257,B,10000,3512,GFD
0.728106,0,Insert,1937902,B,300,3507,GFD
0.734417,1,Insert,5047972,B,70,3513,GFD
0.838111,0,Insert,1627420,B,500,3515,FAK
0.838362,0,Insert,1630476,B,600,3513,GFD
0.838388,0,Cancel,1878020,,,,
0.838427,0,Insert,1996853,B,100,3510,GFD
0.848363,0,Insert,1933639,B,600,3512,GFD
0.858376,0,Insert,1870251,B,600,3511,GFD
0.899857,0,Cancel,1496741,,,,
0.968003,0,Cancel,1693674,,,,
1.103496,1,Cancel,7057256,,,,
1.103496,1,Cancel,7057257,,,,
1.103496,1,Insert,7057258,A,10000,3517,GFD
1.103496,1,Insert,7057259,B,10000,3512,GFD
1.105685,0,Insert,1418001,B,100,3490,GFD
1.302559,0,Insert,1400064,A,100,3519,GFD
1.402556,0,Insert,1605410,A,100,3521,GFD
1.402567,0,Insert,1857056,A,100,3520,GFD
1.402575,0,Insert,1516312,A,100,3522,GFD
1.502514,0,Insert,1622041,A,100,3523,GFD
1.558673,1,Cancel,7057258,,,,
1.558673,1,Cancel,7057259,,,,
1.558673,1,Insert,7057260,A,10000,3517,GFD
1.558673,1,Insert,7057261,B,10000,3512,GFD
1.602504,0,Insert,1654142,A,100,3524,GFD
1.844992,1,Cancel,7057260,,,,
1.844992,1,Cancel,7057261,,,,
1.844992,1,Insert,7057262,A,10000,3517,GFD
1.844992,1,Insert,7057263,B,10000,3512,GFD
2.102499,0,Insert,1406465,B,100,3510,GFD
2.102506,0,Insert,1537482,B,100,3511,GFD
2.202479,0,Insert,1698490,B,100,3509,GFD
2.202491,0,Insert,1856944,B,100,3508,GFD
2.202499,0,Insert,1413771,B,100,3507,GFD
2.255306,1,Insert,5047973,B,98,3514,GFD
2.302484,0,Insert,1982888,B,100,3506,GFD
2.302495,0,Insert,1896759,B,100,3505,GFD
2.302503,0,Insert,1744856,B,100,3504,GFD
2.304468,1,Insert,5047974,B,51,3514,GFD
2.319054,1,Insert,5047975,B,81,3514,GFD
2.402483,0,Insert,1864538,B,100,3503,GFD
2.402493,0,Insert,1813662,B,100,3501,GFD
2.402502,0,Insert,1537645,B,100,3502,GFD
2.495404,1,Insert,5047976,B,25,3516,GFD
2.502482,0,Insert,1606135,B,100,3500,GFD
2.502757,0,Insert,1542495,A,500,3519,GFD
2.503185,0,Insert,1422341,A,4000,3520,GFD
2.503412,0,Amend,1422341,,-3500,,
2.508622,1,Cancel,7057262,,,,
2.508622,1,Cancel,7057263,,,,
2.508622,1,Insert,7057264,A,10000,3517,GFD
2.508622,1,Insert,7057265,B,10000,3512,GFD
2.602484,0,Insert,1839893,A,100,3518,GFD
2.602708,0,Insert,1829276,A,500,3521,GFD
2.953642,0,Insert,1924069,B,500,3511,GFD
2.958256,1,Insert,5047977,B,103,3514,GFD
3.00264,0,Insert,1986057,B,500,3510,GFD
3.00296,0,Insert,1724616,B,500,3509,GFD
3.003098,0,Insert,1565246,B,1000,3508,GFD
3.00317,0,Cancel,1499719,,,,
3.00317,0,Insert,1980608,B,1000,3514,GFD
3.003249,0,Cancel,1996853,,,,
3.003656,0,Insert,1978770,B,1000,3510,GFD
3.003771,0,Cancel,1978770,,,,
3.072077,1,Insert,5047978,A,46,3514,GFD
3.09985,0,Insert,1775241,B,100,3512,GFD
3.101746,1,Cancel,7057264,,,,
3.101746,1,Cancel,7057265,,,,
3.101746,1,Insert,7057266,A,10000,3518,GFD
3.101746,1,Insert,7057267,B,10000,3513,GFD
3.102731,0,Insert,1436433,B,500,3512,GFD
3.102866,0,Insert,1395958,B,500,3509,GFD
3.10296,0,Amend,1565246,,-500,,
3.202482,0,Insert,1731677,B,100,3512,GFD
3.223059,1,Insert,5047979,B,71,3514,GFD
3.61424,1,Insert,5047980,B,9,3514,GFD
3.721294,1,Insert,5047981,B,47,3516,GFD
3.857257,1,Cancel,7057266,,,,
3.857257,1,Cancel,7057267,,,,
3.857257,1,Insert,7057268,A,10000,3518,GFD
3.857257,1,Insert,7057269,B,10000,3513,GFD
3.908689,0,Insert,1488241,A,5000,3515,GFD
3.908766,0,Insert,1794719,A,600,3516,GFD
3.908776,0,Insert,1724488,A,100,3516,GFD
3.908812,0,Insert,1606863,A,100,3517,GFD
3.908884,0,Cancel,1980608,,,,
3.908909,0,Insert,1905434,A,500,3518,GFD
3.908946,0,Cancel,1775241,,,,
3.908967,0,Insert,1706435,B,1000,3513,GFD
3.909243,0,Cancel,1436433,,,,
3.909297,0,Insert,1914866,B,100,3512,GFD
3.909415,0,Cancel,1395958,,,,
3.909479,0,Cancel,1731677,,,,
3.949948,0,Insert,1620352,B,500,3508,GFD
3.963451,1,Insert,5047982,B,85,3513,GFD
3.999839,0,Cancel,1814414,,,,
4.218936,1,Insert,5047983,A,23,3513,GFD
4.425805,1,Cancel,7057268,,,,
4.425805,1,Cancel,7057269,,,,
4.425805,1,Insert,7057270,A,10000,3517,GFD
4.425805,1,Insert,7057271,B,10000,3512,GFD
4.502628,0,Insert,1448279,B,100,3477,GFD
4.74131,1,Insert,5047984,B,4,3516,GFD
4.834958,1,Cancel,7057270,,,,
4.834958,1,Cancel,7057271,,,,
4.834958,1,Insert,7057272,A,10000,3517,GFD
4.834958,1,Insert,7057273,B,10000,3512,GFD
4.903551,0,Insert,1922942,A,100,3513,FAK
5.34204,1,Insert,5047985,A,26,3515,GFD
5.393552,1,Cancel,7057272,,,,
5.393552,1,Cancel,7057273,,,,
5.393552,1,Insert,7057274,A,10000,3517,GFD
5.393552,1,Insert,7057275,B,10000,3512,GFD
5.517039,0,Insert,1419113,A,100,3513,FAK
5.517164,0,Cancel,1914866,,,,
5.599845,0,Insert,1974385,B,100,3511,GFD
5.726784,1,Insert,5047986,A,92,3514,GFD
5.923937,1,Cancel,7057274,,,,
5.923937,1,Cancel,7057275,,,,
5.923937,1,Insert,7057276,A,10000,3517,GFD
5.923937,1,Insert,7057277,B,10000,3512,GFD
6.119217,0,Insert,1900041,A,5000,3514,GFD
6.119255,1,Cancel,7057276,,,,
6.119255,1,Cancel,7057277,,,,
6.119255,1,Insert,7057278,A,10000,3516,GFD
6.119255,1,Insert,7057279,B,10000,3511,GFD
6.119295,0,Insert,1408411,A,100,3515,GFD
6.119304,0,Cancel,1706435,,,,
6.119357,0,Insert,1875330,A,100,3516,GFD
6.119367,0,Cancel,1974385,,,,
6.119374,0,Insert,1723145,A,600,3515,GFD
6.119416,0,Cancel,1630476,,,,
6.11947,0,Insert,1581912,B,100,3510,GFD
6.119494,0,Insert,1869055,A,500,3517,GFD
6.199842,0,Cancel,1724488,,,,
6.284343,0,Insert,1828214,B,100,3476,GFD
6.318085,1,Insert,5047987,B,106,3513,GFD
6.975688,1,Insert,5047988,A,23,3515,GFD
7.025639,1,Insert,5047989,A,8,3512,GFD
7.42135,1,Insert,5047990,A,67,3513,GFD
7.625849,1,Insert,5047991,A,8,3512,GFD
7.675227,1,Cancel,7057278,,,,
7.675227,1,Cancel,7057279,,,,
7.675227,1,Insert,7057280,A,10000,3516,GFD
7.675227,1,Insert,7057281,B,10000,3511,GFD
7.910547,0,Insert,1619653,A,100,3513,FAK
7.910691,1,Cancel,7057280,,,,
7.910691,1,Cancel,7057281,,,,
7.910691,1,Insert,7057282,A,10000,3516,GFD
7.910691,1,Insert,7057283,B,10000,3511,GFD
7.910754,0,Insert,1901605,A,100,3513,FAK
7.910793,1,Cancel,7057282,,,,
7.910793,1,Cancel,7057283,,,,
7.910793,1,Insert,7057284,A,10000,3516,GFD
7.910793,1,Insert,7057285,B,10000,3511,GFD
7.910899,0,Insert,1876902,A,100,3513,FAK
7.911016,0,Insert,1735250,A,1000,3514,GFD
7.911028,0,Insert,1600607,A,600,3514,GFD
7.911049,0,Cancel,1933639,,,,
7.91119,0,Insert,1478396,A,200,3513,GFD
7.911256,0,Insert,1993199,B,1000,3511,GFD
7.911266,0,Insert,1813580,A,1000,3513,GFD
7.911313,0,Insert,1791729,A,100,3515,GFD
7.911321,0,Insert,1888166,A,100,3513,GFD
7.911336,0,Cancel,1924069,,,,
7.911336,0,Insert,1786232,B,1000,3512,GFD
7.911704,0,Cancel,1986057,,,,
7.911704,0,Cancel,1620352,,,,
7.91172,0,Insert,1500934,A,500,3516,GFD
7.911756,0,Cancel,1813580,,,,
7.911873,0,Cancel,1786232,,,,
7.912413,0,Cancel,1888166,,,,
7.912494,0,Cancel,1478396,,,,
7.912905,0,Cancel,1791729,,,,
7.912953,0,Cancel,1500934,,,,
7.91621,0,Insert,1651574,B,100,3512,GFD
7.921149,0,Cancel,1651574,,,,
7.951376,0,Insert,1633851,B,500,3507,GFD
7.951452,0,Insert,1980476,B,1000,3506,GFD
8.016094,0,Cancel,1900041,,,,
8.016094,0,Insert,1645451,A,5000,3513,GFD
8.016168,0,Insert,1759690,A,100,3514,GFD
8.016211,0,Insert,1549240,A,100,3515,GFD
8.016309,0,Insert,1499390,A,500,3516,GFD
8.072633,0,Cancel,1494106,,,,
8.092216,0,Cancel,1952690,,,,
8.09986,0,Cancel,1408411,,,,
8.151566,1,Cancel,7057284,,,,
8.151566,1,Cancel,7057285,,,,
8.151566,1,Insert,7057286,A,10000,3515,GFD
8.151566,1,Insert,7057287,B,10000,3510,GFD
8.153996,0,Insert,1787226,B,400,3508,GFD
8.176495,0,Insert,1497443,A,400,3516,GFD
8.330626,0,Cancel,1593223,,,,
8.341746,1,Insert,5047992,A,43,3512,GFD
8.5603,1,Insert,5047993,A,44,3511,GFD
8.892573,1,Cancel,7057286,,,,
8.892573,1,Cancel,7057287,,,,
8.892573,1,Insert,7057288,A,10000,3515,GFD
8.892573,1,Insert,7057289,B,10000,3510,GFD
8.899412,0,Insert,1623496,B,200,3513,FAK
9.246933,1,Cancel,7057288,,,,
9.246933,1,Cancel,7057289,,,,
9.246933,1,Insert,7057290,A,10000,3515,GFD
9.246933,1,Insert,7057291,B,10000,3510,GFD
9.388528,0,Insert,1984998,A,500,3515,GFD
9.82014,1,Insert,5047994,B,5,3513,GFD
11.199017,1,Insert,5047995,A,15,3510,GFD
11.69678,1,Insert,5047996,B,14,3510,GFD
11.793744,1,Insert,5047997,B,37,3512,GFD
11.817765,1,Cancel,7057290,,,,
11.817765,1,Cancel,7057291,,,,
11.817765,1,Insert,7057292,A,10000,3515,GFD
11.817765,1,Insert,7057293,B,10000,3510,GFD
11.831605,0,Insert,1518774,B,100,3513,FAK
11.831727,1,Cancel,7057292,,,,
11.831727,1,Cancel,7057293,,,,
11.831727,1,Insert,7057294,A,10000,3515,GFD
11.831727,1,Insert,7057295,B,10000,3510,GFD
11.831803,0,Insert,1900257,B,100,3513,FAK
11.831814,1,Cancel,7057294,,,,
11.831814,1,Cancel,7057295,,,,
11.831814,1,Insert,7057296,A,10000,3515,GFD
11.831814,1,Insert,7057297,B,10000,3510,GFD
11.831882,0,Insert,1770330,B,400,3512,GFD
11.832057,1,Cancel,7057296,,,,
11.832057,1,Cancel,7057297,,,,
11.832057,1,Insert,7057298,A,10000,3515,GFD
11.832057,1,Insert,7057299,B,10000,3510,GFD
11.83211,0,Cancel,1770330,,,,
11.832154,1,Cancel,7057298,,,,
11.832154,1,Cancel,7057299,,,,
11.832154,1,Insert,7057300,A,10000,3515,GFD
11.832154,1,Insert,7057301,B,10000,3510,GFD
11.832157,0,Insert,1635245,B,500,3510,GFD
11.832298,0,Insert,1706231,B,500,3507,GFD
11.832428,0,Cancel,1635245,,,,
11.832438,0,Cancel,1706231,,,,
12.024737,1,Insert,5047998,B,1,3510,GFD
12.110626,1,Insert,5047999,B,11,3514,GFD
12.291982,1,Insert,5048000,A,102,3513,GFD
12.406734,1,Cancel,7057300,,,,
12.406734,1,Cancel,7057301,,,,
12.406734,1,Insert,7057302,A,10000,3515,GFD
12.406734,1,Insert,7057303,B,10000,3510,GFD
12.760526,0,Cancel,1396085,,,,
12.760583,1,Cancel,7057302,,,,
12.760583,1,Cancel,7057303,,,,
12.760583,1,Insert,7057304,A,10000,3515,GFD
12.760583,1,Insert,7057305,B,10000,3510,GFD
12.760608,0,Insert,1805616,A,600,3513,GFD
12.760692,0,Insert,1696470,A,1000,3513,GFD
12.760702,0,Cancel,1993199,,,,
12.760766,0,Cancel,1581912,,,,
12.760766,0,Cancel,1870251,,,,
12.760783,0,Insert,1520894,A,600,3512,GFD
12.760816,0,Insert,1532783,A,1000,3512,GFD
12.760904,0,Insert,1711411,B,100,3508,GFD
12.760914,0,Insert,1404111,A,100,3514,GFD
12.761013,0,Insert,1564887,A,500,3514,GFD
12.761411,0,Insert,1790725,B,500,3508,GFD
12.761546,0,Cancel,1790725,,,,
13.055905,1,Insert,5048001,B,6,3510,GFD
13.070747,1,Insert,5048002,A,8,3513,GFD
13.435522,1,Insert,5048003,B,48,3512,GFD
13.652375,1,Insert,5048004,B,4,3510,GFD
13.96779,1,Insert,5048005,A,15,3513,GFD
14.080709,1,Insert,5048006,B,69,3512,GFD
14.081055,1,Cancel,7057304,,,,
14.081055,1,Cancel,7057305,,,,
14.081055,1,Insert,7057306,A,10000,3514,GFD
14.081055,1,Insert,7057307,B,10000,3509,GFD
14.087708,0,Insert,1954721,B,100,3511,GFD
14.08771,1,Cancel,7057306,,,,
14.08771,1,Cancel,7057307,,,,
14.08771,1,Insert,7057308,A,10000,3514,GFD
14.08771,1,Insert,7057309,B,10000,3509,GFD
14.087795,0,Cancel,1532783,,,,
14.08788,0,Cancel,1520894,,,,
14.088011,0,Cancel,1564887,,,,
14.088043,0,Cancel,1404111,,,,
14.183866,1,Insert,5048007,A,81,3512,GFD
15.479385,1,Insert,5048008,A,19,3511,GFD
16.053921,1,Cancel,7057308,,,,
16.053921,1,Cancel,7057309,,,,
16.053921,1,Insert,7057310,A,10000,3515,GFD
16.053921,1,Insert,7057311,B,10000,3510,GFD
16.300502,0,Insert,1791292,B,100,3511,GFD
16.300505,1,Cancel,7057310,,,,
16.300505,1,Cancel,7057311,,,,
16.300505,1,Insert,7057312,A,10000,3515,GFD
16.300505,1,Insert,7057313,B,10000,3510,GFD
16.300585,0,Insert,1659909,B,100,3509,GFD
16.318149,1,Cancel,7057312,,,,
16.318149,1,Cancel,7057313,,,,
16.318149,1,Insert,7057314,A,10000,3515,GFD
16.318149,1,Insert,7057315,B,10000,3510,GFD
16.399858,0,Cancel,1711411,,,,
16.511214,1,Insert,5048009,A,38,3513,GFD
16.800771,1,Insert,5048010,B,52,3513,GFD
16.950249,1,Insert,5048011,B,18,3514,GFD
16.963624,1,Cancel,7057314,,,,
16.963624,1,Cancel,7057315,,,,
16.963624,1,Insert,7057316,A,10000,3515,GFD
16.963624,1,Insert,7057317,B,10000,3510,GFD
16.963935,0,Insert,1750423,B,100,3511,GFD
17.035212,1,Cancel,7057316,,,,
17.035212,1,Cancel,7057317,,,,
17.035212,1,Insert,7057318,A,10000,3515,GFD
17.035212,1,Insert,7057319,B,10000,3510,GFD
17.048439,0,Insert,1613546,B,600,3511,GFD
17.048505,1,Cancel,7057318,,,,
17.048505,1,Cancel,7057319,,,,
17.048505,1,Insert,7057320,A,10000,3515,GFD
17.048505,1,Insert,7057321,B,10000,3510,GFD
17.048518,0,Insert,1968461,B,100,3510,GFD
17.048526,0,Insert,1651803,B,1000,3511,GFD
17.048607,0,Cancel,1696470,,,,
17.048616,0,Cancel,1805616,,,,
17.048667,0,Insert,1625816,B,1000,3512,GFD
17.048892,0,Insert,1995924,B,500,3510,GFD
17.048984,0,Insert,1979275,B,100,3512,GFD
17.049056,0,Insert,1895172,B,1000,3510,GFD
17.049209,0,Cancel,1895172,,,,
17.04926,0,Cancel,1750423,,,,
17.049346,0,Insert,1598924,B,500,3507,GFD
17.049547,0,Amend,1980476,,-500,,
17.089357,0,Cancel,1954721,,,,
17.089357,0,Insert,1574774,B,100,3512,GFD
17.099854,0,Cancel,1659909,,,,
17.15699,1,Cancel,7057320,,,,
17.15699,1,Cancel,7057321,,,,
17.15699,1,Insert,7057322,A,10000,3515,GFD
17.15699,1,Insert,7057323,B,10000,3510,GFD
17.353572,0,Insert,1802856,B,200,3513,FAK
17.353703,0,Cancel,1984998,,,,
17.353891,0,Insert,1688189,A,500,3516,GFD
17.353951,0,Cancel,1542495,,,,
17.40267,0,Insert,1693286,A,500,3515,GFD
17.402747,0,Cancel,1688189,,,,
17.444158,1,Insert,5048012,A,61,3514,GFD
18.219913,1,Insert,5048013,B,32,3511,GFD
18.413074,1,Insert,5048014,B,16,3514,GFD
18.690314,1,Insert,5048015,B,16,3513,GFD
18.857979,1,Insert,5048016,B,46,3514,GFD
18.875352,1,Insert,5048017,A,79,3513,GFD
19.104265,1,Insert,5048018,A,81,3512,GFD
19.265101,1,Cancel,7057322,,,,
19.265101,1,Cancel,7057323,,,,
19.265101,1,Insert,7057324,A,10000,3515,GFD
19.265101,1,Insert,7057325,B,10000,3510,GFD
19.360088,0,Insert,1568793,B,500,3511,GFD
19.685279,1,Insert,5048019,A,88,3511,GFD
20.316706,1,Insert,5048020,B,47,3514,GFD
20.619847,1,Insert,5048021,A,65,3513,GFD
20.729071,1,Insert,5048022,B,4,3511,GFD
21.035274,1,Cancel,7057324,,,,
21.035274,1,Cancel,7057325,,,,
21.035274,1,Insert,7057326,A,10000,3515,GFD
21.035274,1,Insert,7057327,B,10000,3510,GFD
21.132137,0,Insert,1696422,A,100,3519,GFD
21.710969,1,Cancel,7057326,,,,
21.710969,1,Cancel,7057327,,,,
21.710969,1,Insert,7057328,A,10000,3515,GFD
21.710969,1,Insert,7057329,B,10000,3510,GFD
21.84491,0,Insert,1939610,B,100,3512,GFD
21.844947,1,Cancel,7057328,,,,
21.844947,1,Cancel,7057329,,,,
21.844947,1,Insert,7057330,A,10000,3515,GFD
21.844947,1,Insert,7057331,B,10000,3510,GFD
21.844982,0,Insert,1784919,B,500,3508,GFD
21.84504,1,Cancel,7057330,,,,
21.84504,1,Cancel,7057331,,,,
21.84504,1,Insert,7057332,A,10000,3515,GFD
21.84504,1,Insert,7057333,B,10000,3510,GFD
21.845051,0,Cancel,1598924,,,,
21.845056,1,Cancel,7057332,,,,
21.845056,1,Cancel,7057333,,,,
21.845056,1,Insert,7057334,A,10000,3515,GFD
21.845056,1,Insert,7057335,B,10000,3510,GFD
21.845058,0,Insert,1893146,B,600,3512,GFD
21.84509,1,Cancel,7057334,,,,
21.84509,1,Cancel,7057335,,,,
21.84509,1,Insert,7057336,A,10000,3515,GFD
21.84509,1,Insert,7057337,B,10000,3510,GFD
21.845116,0,Cancel,1735250,,,,
21.845137,1,Cancel,7057336,,,,
21.845137,1,Cancel,7057337,,,,
21.845137,1,Insert,7057338,A,10000,3515,GFD
21.845137,1,Insert,7057339,B,10000,3510,GFD
21.845141,0,Insert,1871527,B,3900,3513,FAK
21.84515,1,Cancel,7057338,,,,
21.84515,1,Cancel,7057339,,,,
21.84515,1,Insert,7057340,A,10000,3515,GFD
21.84515,1,Insert,7057341,B,10000,3510,GFD
21.845169,0,Insert,1588526,B,500,3513,FAK
21.845338,0,Cancel,1759690,,,,
21.845358,0,Cancel,1600607,,,,
21.845391,0,Cancel,1693286,,,,
21.84542,0,Insert,1964113,B,600,3513,GFD
21.845433,0,Insert,1654362,B,100,3513,GFD
21.845454,0,Cancel,1549240,,,,
21.845479,0,Insert,1826800,B,100,3511,GFD
21.845508,0,Cancel,1499390,,,,
21.845527,0,Cancel,1875330,,,,
21.845638,0,Insert,1554082,B,1000,3513,GFD
21.845765,0,Insert,1423206,B,500,3511,GFD
21.845885,0,Insert,1593278,B,500,3509,GFD
21.845996,0,Cancel,1784919,,,,
21.846051,0,Cancel,1979275,,,,
21.846308,0,Insert,1473065,B,500,3509,GFD
21.846419,0,Cancel,1473065,,,,
21.885061,0,Insert,1904693,A,500,3519,GFD
21.886743,0,Cancel,1574774,,,,
21.886743,0,Insert,1900025,B,100,3513,GFD
21.886814,0,Cancel,1723145,,,,
21.898823,0,Cancel,1497443,,,,
21.898883,0,Insert,1418478,A,100,3516,GFD
21.899862,0,Cancel,1968461,,,,
21.951726,0,Insert,1533470,A,400,3518,GFD
21.975778,0,Cancel,1436624,,,,
21.975842,0,Insert,1440843,B,600,3514,GFD
21.975935,0,Insert,1681771,B,100,3512,GFD
21.976027,0,Insert,1727911,B,100,3514,GFD
21.976159,0,Cancel,1654362,,,,
21.976171,0,Insert,1713239,B,500,3512,GFD
21.976214,0,Insert,1895254,A,5000,3515,GFD
21.976283,0,Insert,1891737,B,500,3510,GFD
21.976413,0,Cancel,1593278,,,,
21.986817,0,Cancel,1440843,,,,
21.986874,0,Cancel,1681771,,,,
21.98696,0,Cancel,1727911,,,,
21.987024,0,Insert,1730003,A,600,3515,GFD
21.987062,0,Cancel,1713239,,,,
21.987173,0,Cancel,1891737,,,,
21.987301,0,Insert,1401502,B,100,3513,GFD
22.015414,0,Cancel,1900025,,,,
22.015414,0,Insert,1983302,B,100,3514,GFD
22.015572,0,Insert,1502741,B,100,3514,GFD
22.015681,0,Cancel,1401502,,,,
22.027131,0,Insert,1642498,B,500,3512,GFD
22.027191,0,Insert,1660231,B,500,3510,GFD
22.027198,0,Cancel,1730003,,,,
22.027294,0,Insert,1608658,B,500,3509,GFD
22.027387,0,Cancel,1608658,,,,
22.072285,1,Cancel,7057340,,,,
22.072285,1,Cancel,7057341,,,,
22.072285,1,Insert,7057342,A,10000,3517,GFD
22.072285,1,Insert,7057343,B,10000,3512,GFD
22.161021,0,Insert,1463236,A,100,3514,FAK
22.161235,0,Cancel,1502741,,,,
22.1613,0,Insert,1965142,A,600,3515,GFD
22.161359,0,Cancel,1554082,,,,
22.161371,0,Cancel,1642498,,,,
22.161409,0,Insert,1454414,A,1000,3514,GFD
22.161426,0,Cancel,1964113,,,,
22.161484,0,Insert,1824935,B,100,3513,GFD
22.161501,0,Cancel,1826800,,,,
22.161556,0,Cancel,1660231,,,,
22.161563,0,Insert,1892897,A,100,3516,GFD
22.161608,0,Insert,1583880,B,100,3510,GFD
22.161683,0,Insert,1838649,A,1500,3516,GFD
22.161801,0,Cancel,1423206,,,,
22.161811,0,Amend,1838649,,-1000,,
22.201269,0,Insert,1772692,B,500,3511,GFD
22.201319,0,Insert,1631508,B,500,3509,GFD
22.248474,0,Insert,1856757,B,100,3513,GFD
22.268709,1,Insert,5048023,A,71,3515,GFD
22.277133,1,Insert,5048024,B,3,3515,GFD
22.844344,1,Insert,5048025,A,16,3515,GFD
23.123253,1,Cancel,7057342,,,,
23.123253,1,Cancel,7057343,,,,
23.123253,1,Insert,7057344,A,10000,3516,GFD
23.123253,1,Insert,7057345,B,10000,3511,GFD
23.259398,0,Insert,1489102,B,500,3510,GFD
23.259444,1,Cancel,7057344,,,,
23.259444,1,Cancel,7057345,,,,
23.259444,1,Insert,7057346,A,10000,3516,GFD
23.259444,1,Insert,7057347,B,10000,3511,GFD
23.259453,0,Cancel,1631508,,,,
23.331478,0,Cancel,1913841,,,,
23.389893,1,Insert,5048026,B,48,3515,GFD
23.572687,0,Cancel,1489102,,,,
23.57279,0,Insert,1728481,B,500,3509,GFD
23.700668,1,Insert,5048027,B,33,3512,GFD
24.753213,1,Insert,5048028,A,44,3514,GFD
24.996993,1,Cancel,7057346,,,,
24.996993,1,Cancel,7057347,,,,
24.996993,1,Insert,7057348,A,10000,3516,GFD
24.996993,1,Insert,7057349,B,10000,3511,GFD
25.001665,0,Insert,1666208,B,2000,3513,GFD
25.001679,1,Cancel,7057348,,,,
25.001679,1,Cancel,7057349,,,,
25.001679,1,Insert,7057350,A,10000,3516,GFD
25.001679,1,Insert,7057351,B,10000,3511,GFD
25.001734,0,Cancel,1583880,,,,
25.001734,1,Cancel,7057350,,,,
25.001734,1,Cancel,7057351,,,,
25.001734,1,Insert,7057352,A,10000,3516,GFD
25.001734,1,Insert,7057353,B,10000,3511,GFD
25.001742,0,Insert,1454750,B,600,3513,GFD
25.099869,0,Insert,1991527,B,100,3512,GFD
25.519568,1,Insert,5048029,B,28,3515,GFD
25.524714,1,Cancel,7057352,,,,
25.524714,1,Cancel,7057353,,,,
25.524714,1,Insert,7057354,A,10000,3516,GFD
25.524714,1,Insert,7057355,B,10000,3511,GFD
25.529158,0,Insert,1949954,A,100,3518,GFD
25.952472,1,Insert,5048030,A,16,3515,GFD
26.317483,1,Insert,5048031,A,9,3515,GFD
26.715116,1,Insert,5048032,A,57,3515,GFD
26.852565,1,Cancel,7057354,,,,
26.852565,1,Cancel,7057355,,,,
26.852565,1,Insert,7057356,A,10000,3516,GFD
26.852565,1,Insert,7057357,B,10000,3511,GFD
26.90031,0,Insert,1437043,B,500,3514,FAK
26.900377,1,Cancel,7057356,,,,
26.900377,1,Cancel,7057357,,,,
26.900377,1,Insert,7057358,A,10000,3516,GFD
26.900377,1,Insert,7057359,B,10000,3511,GFD
26.90045,0,Insert,1725456,B,100,3514,FAK
26.900653,1,Cancel,7057358,,,,
26.900653,1,Cancel,7057359,,,,
26.900653,1,Insert,7057360,A,10000,3516,GFD
26.900653,1,Insert,7057361,B,10000,3511,GFD
26.900838,0,Cancel,1454414,,,,
26.900987,0,Cancel,1838649,,,,
26.900987,0,Cancel,1892897,,,,
26.901146,0,Cancel,1824935,,,,
27.34307,1,Insert,5048033,B,62,3513,GFD
27.451459,1,Cancel,7057360,,,,
27.451459,1,Cancel,7057361,,,,
27.451459,1,Insert,7057362,A,10000,3517,GFD
27.451459,1,Insert,7057363,B,10000,3512,GFD
27.464491,0,Insert,1781428,B,1500,3512,GFD
27.464506,0,Insert,1797925,A,1500,3516,GFD
27.549743,1,Insert,5048034,B,133,3514,GFD
27.60822,1,Cancel,7057362,,,,
27.60822,1,Cancel,7057363,,,,
27.60822,1,Insert,7057364,A,10000,3517,GFD
27.60822,1,Insert,7057365,B,10000,3512,GFD
28.777287,0,Insert,1589249,B,100,3515,FAK
28.777328,1,Cancel,7057364,,,,
28.777328,1,Cancel,7057365,,,,
28.777328,1,Insert,7057366,A,10000,3517,GFD
28.777328,1,Insert,7057367,B,10000,3512,GFD
28.777417,0,Cancel,1965142,,,,
28.878545,1,Cancel,7057366,,,,
28.878545,1,Cancel,7057367,,,,
28.878545,1,Insert,7057368,A,10000,3517,GFD
28.878545,1,Insert,7057369,B,10000,3512,GFD
29.030444,0,Insert,1795260,B,200,3514,GFD
29.030655,0,Insert,1760133,B,500,3512,GFD
29.030722,0,Insert,1893143,B,500,3510,GFD
29.03082,0,Insert,1697763,B,1000,3510,GFD
29.030913,0,Cancel,1697763,,,,
29.030937,0,Cancel,1728481,,,,
29.063888,0,Cancel,1787226,,,,
29.071956,0,Cancel,1856757,,,,
29.071956,0,Insert,1751764,B,100,3514,GFD
29.096703,0,Insert,1441959,B,400,3510,GFD
29.23221,1,Insert,5048035,A,6,3513,GFD
29.293708,1,Insert,5048036,A,10,3514,GFD
29.300984,1,Insert,5048037,B,1,3513,GFD
29.32718,1,Cancel,7057368,,,,
29.32718,1,Cancel,7057369,,,,
29.32718,1,Insert,7057370,A,10000,3517,GFD
29.32718,1,Insert,7057371,B,10000,3512,GFD
29.33783,0,Insert,1482812,B,2200,3515,FAK
29.337955,0,Insert,1626323,B,600,3514,GFD
29.337969,0,Insert,1543988,B,1300,3515,FAK
29.337991,0,Insert,1815452,B,1400,3515,FAK
29.337991,0,Insert,1702853,B,1000,3515,FAK
29.338024,0,Cancel,1797925,,,,
29.338024,0,Insert,1477235,A,1500,3517,GFD
29.338036,0,Insert,1504794,B,1500,3513,GFD
29.338184,0,Cancel,1869055,,,,
29.338222,0,Insert,1469123,B,200,3515,FAK
29.338516,0,Insert,1510949,B,3800,3515,FAK
29.338516,0,Insert,1867122,B,200,3515,GFD
29.338541,0,Cancel,1781428,,,,
29.33864,0,Cancel,1418478,,,,
29.33864,0,Cancel,1794719,,,,
29.33868,0,Insert,1888643,A,1500,3518,GFD
29.338699,0,Insert,1757089,B,1500,3514,GFD
29.338717,0,Insert,1926489,A,1000,3517,GFD
29.338725,0,Insert,1855196,B,600,3515,GFD
29.338738,0,Insert,1640908,B,100,3513,GFD
29.338806,0,Insert,1659063,A,1000,3516,GFD
29.338816,0,Insert,1482569,B,100,3513,GFD
29.338825,0,Insert,1533818,B,500,3513,GFD
29.338886,0,Cancel,1504794,,,,
29.338957,0,Insert,1682384,B,500,3511,GFD
29.339086,0,Cancel,1893143,,,,
29.339092,0,Cancel,1867122,,,,
29.339326,0,Cancel,1606863,,,,
29.339435,0,Cancel,1905434,,,,
29.339448,0,Cancel,1839893,,,,
29.341156,0,Cancel,1477235,,,,
29.341421,0,Insert,1453566,B,100,3515,GFD
29.378692,0,Insert,1782805,A,100,3518,GFD
29.378917,0,Insert,1702186,A,500,3518,GFD
29.382683,0,Cancel,1751764,,,,
29.382683,0,Insert,1411122,B,100,3515,GFD
29.399876,0,Cancel,1991527,,,,
29.399903,0,Insert,1543412,A,100,3518,GFD
29.415735,0,Insert,1879422,B,1100,3515,GFD
29.415801,0,Cancel,1659063,,,,
29.415874,0,Cancel,1997379,,,,
29.415934,0,Cancel,1782805,,,,
29.415945,0,Cancel,1702186,,,,
29.452066,0,Cancel,1533470,,,,
29.456662,0,Insert,1621893,A,500,3522,GFD
29.485754,0,Insert,1445385,A,400,3520,GFD
29.493215,0,Insert,1930463,B,400,3515,GFD
29.493282,0,Insert,1611267,B,100,3514,GFD
29.499872,0,Cancel,1482569,,,,
29.542328,1,Insert,5048038,A,106,3516,GFD
29.572439,1,Cancel,7057370,,,,
29.572439,1,Cancel,7057371,,,,
29.572439,1,Insert,7057372,A,10000,3519,GFD
29.572439,1,Insert,7057373,B,10000,3514,GFD
29.624468,0,Insert,1853549,A,100,3515,FAK
29.763168,0,Insert,1650436,B,100,3514,GFD
29.802351,1,Insert,5048039,A,140,3516,GFD
29.889622,1,Insert,5048040,A,60,3517,GFD
29.940612,0,Insert,1711072,B,500,3512,GFD
29.940671,0,Cancel,1682384,,,,
30.092727,0,Insert,1489661,A,200,3516,GFD
30.092818,0,Insert,1559064,A,600,3517,GFD
30.092859,0,Insert,1557222,A,100,3518,GFD
30.092934,0,Insert,1489041,A,500,3518,GFD
30.12429,1,Cancel,7057372,,,,
30.12429,1,Cancel,7057373,,,,
30.12429,1,Insert,7057374,A,10000,3518,GFD
30.12429,1,Insert,7057375,B,10000,3513,GFD
30.178794,0,Insert,1903687,A,100,3515,FAK
30.17895,0,Cancel,1855196,,,,
30.179017,0,Cancel,1611267,,,,
30.199876,0,Insert,1766167,B,100,3513,GFD
30.481036,0,Insert,1586861,A,5100,3518,GFD
30.481109,0,Insert,1594697,A,600,3516,GFD
30.481166,0,Insert,1478845,A,1000,3516,GFD
30.481222,0,Insert,1599610,A,100,3515,FAK
30.481222,0,Insert,1662590,A,100,3515,FAK
30.481222,0,Insert,1714499,A,1100,3515,FAK
30.481222,0,Insert,1733497,A,400,3515,FAK
30.481319,0,Cancel,1626323,,,,
30.481396,0,Insert,1873251,A,1000,3515,GFD
30.481406,0,Cancel,1766167,,,,
30.481442,0,Insert,1395300,B,1500,3513,GFD
30.481451,0,Insert,1928759,A,1500,3517,GFD
30.481463,0,Insert,1615878,A,100,3517,GFD
30.481477,0,Cancel,1533818,,,,
30.481477,0,Cancel,1454750,,,,
30.481518,0,Insert,1713445,B,100,3512,GFD
30.481529,0,Cancel,1888643,,,,
30.481529,0,Insert,1485518,B,1500,3512,GFD
30.481548,0,Insert,1588661,A,100,3517,GFD
30.481585,0,Cancel,1757089,,,,
30.481645,0,Insert,1642843,A,500,3517,GFD
30.481653,0,Cancel,1711072,,,,
30.481675,0,Insert,1989581,A,1500,3516,GFD
30.481852,0,Cancel,1395300,,,,
30.481896,0,Cancel,1928759,,,,
30.481931,0,Insert,1916636,A,600,3515,GFD
30.481984,0,Insert,1649552,A,200,3514,FAK
30.481984,0,Insert,1952574,A,100,3514,FAK
30.482016,0,Insert,1398894,A,1000,3518,GFD
30.482128,0,Cancel,1398894,,,,
30.482303,0,Cancel,1760133,,,,
30.493017,0,Insert,1594816,B,100,3513,GFD
30.499876,0,Cancel,1543412,,,,
30.514074,0,Insert,1826674,A,100,3514,GFD
30.514148,0,Insert,1404469,A,1000,3514,GFD
30.514208,0,Insert,1602789,A,100,3516,GFD
30.514222,0,Cancel,1893146,,,,
30.514222,0,Insert,1802914,A,100,3516,GFD
30.51426,0,Insert,1521536,A,500,3516,GFD
30.52133,0,Insert,1632114,B,500,3510,GFD
30.532035,0,Insert,1892191,B,100,3513,GFD
30.547594,0,Cancel,1489661,,,,
30.550642,0,Cancel,1445385,,,,
30.552536,0,Insert,1599145,A,200,3514,GFD
30.588508,0,Insert,1913082,A,400,3518,GFD
30.599878,0,Cancel,1615878,,,,
30.830082,1,Insert,5048041,A,27,3512,GFD
30.84066,1,Cancel,7057374,,,,
30.84066,1,Cancel,7057375,,,,
30.84066,1,Insert,7057376,A,10000,3516,GFD
30.84066,1,Insert,7057377,B,10000,3511,GFD
30.867103,0,Insert,1619241,B,100,3514,FAK
30.867103,0,Insert,1980449,B,400,3514,FAK
30.867555,0,Cancel,1404469,,,,
30.867616,0,Cancel,1602789,,,,
30.867784,0,Insert,1809842,B,200,3514,FAK
30.867883,0,Insert,1403477,B,1000,3513,GFD
30.867949,0,Cancel,1521536,,,,
30.867998,0,Cancel,1802914,,,,
30.867998,0,Cancel,1916636,,,,
30.868005,0,Insert,1927664,A,100,3517,GFD
30.868184,0,Insert,1809078,B,500,3510,GFD
30.868281,0,Cancel,1809078,,,,
30.982207,1,Cancel,7057376,,,,
30.982207,1,Cancel,7057377,,,,
30.982207,1,Insert,7057378,A,10000,3517,GFD
30.982207,1,Insert,7057379,B,10000,3512,GFD
31.684117,0,Insert,1736078,A,100,3516,GFD
31.723069,1,Insert,5048042,B,62,3513,GFD
31.959839,1,Cancel,7057378,,,,
31.959839,1,Cancel,7057379,,,,
31.959839,1,Insert,7057380,A,10000,3517,GFD
31.959839,1,Insert,7057381,B,10000,3512,GFD
32.184541,0,Insert,1925211,B,500,3512,GFD
32.18457,1,Cancel,7057380,,,,
32.18457,1,Cancel,7057381,,,,
32.18457,1,Insert,7057382,A,10000,3517,GFD
32.18457,1,Insert,7057383,B,10000,3512,GFD
32.184614,0,Cancel,1772692,,,,
32.249185,1,Insert,5048043,A,47,3514,GFD
33.416654,1,Insert,5048044,B,14,3515,GFD
33.818912,1,Insert,5048045,A,1,3516,GFD
33.831399,1,Insert,5048046,A,66,3515,GFD
33.885278,1,Cancel,7057382,,,,
33.885278,1,Cancel,7057383,,,,
33.885278,1,Insert,7057384,A,10000,3517,GFD
33.885278,1,Insert,7057385,B,10000,3512,GFD
33.93302,0,Cancel,1696422,,,,
34.095376,1,Cancel,7057384,,,,
34.095376,1,Cancel,7057385,,,,
34.095376,1,Insert,7057386,A,10000,3517,GFD
34.095376,1,Insert,7057387,B,10000,3512,GFD
34.211368,0,Insert,1498591,A,100,3516,GFD
34.212891,1,Cancel,7057386,,,,
34.212891,1,Cancel,7057387,,,,
34.212891,1,Insert,7057388,A,10000,3517,GFD
34.212891,1,Insert,7057389,B,10000,3512,GFD
34.221557,0,Cancel,1424709,,,,
34.221557,0,Insert,1467117,B,100,3515,FAK
34.221711,1,Cancel,7057388,,,,
34.221711,1,Cancel,7057389,,,,
34.221711,1,Insert,7057390,A,10000,3517,GFD
34.221711,1,Insert,7057391,B,10000,3512,GFD
34.221747,0,Insert,1431043,B,1500,3513,GFD
34.221762,0,Insert,1524667,A,1500,3517,GFD
34.221841,0,Cancel,1485518,,,,
34.221851,0,Insert,1903743,A,1500,3516,GFD
34.221862,0,Insert,1438169,B,1500,3512,GFD
34.221877,0,Cancel,1431043,,,,
34.221905,0,Cancel,1524667,,,,
34.221951,0,Insert,1561413,A,600,3515,GFD
34.22196,0,Cancel,1989581,,,,
34.222011,0,Cancel,1403477,,,,
34.623514,1,Insert,5048047,A,81,3514,GFD
34.890379,1,Insert,5048048,B,48,3513,GFD
34.936519,1,Insert,5048049,A,63,3513,GFD
35.089465,1,Insert,5048050,A,75,3513,GFD
35.305682,1,Cancel,7057390,,,,
35.305682,1,Cancel,7057391,,,,
35.305682,1,Insert,7057392,A,10000,3517,GFD
35.305682,1,Insert,7057393,B,10000,3512,GFD
35.598454,0,Cancel,1499295,,,,
35.598454,0,Insert,1627147,B,100,3508,GFD
36.898417,1,Cancel,7057392,,,,
36.898417,1,Cancel,7057393,,,,
36.898417,1,Insert,7057394,A,10000,3517,GFD
36.898417,1,Insert,7057395,B,10000,3512,GFD
36.939729,0,Cancel,1925211,,,,
36.939731,1,Cancel,7057394,,,,
36.939731,1,Cancel,7057395,,,,
36.939731,1,Insert,7057396,A,10000,3517,GFD
36.939731,1,Insert,7057397,B,10000,3512,GFD
36.939737,0,Insert,1748347,B,500,3509,GFD
36.939775,1,Cancel,7057396,,,,
36.939775,1,Cancel,7057397,,,,
36.939775,1,Insert,7057398,A,10000,3517,GFD
36.939775,1,Insert,7057399,B,10000,3512,GFD
36.939865,0,Insert,1790216,B,500,3511,GFD
36.939912,1,Cancel,7057398,,,,
36.939912,1,Cancel,7057399,,,,
36.939912,1,Insert,7057400,A,10000,3517,GFD
36.939912,1,Insert,7057401,B,10000,3512,GFD
36.939912,0,Cancel,1632114,,,,
37.539305,1,Insert,5048051,B,62,3515,GFD
37.849965,1,Insert,5048052,B,14,3516,GFD
38.709574,1,Insert,5048053,A,2,3512,GFD
38.757675,1,Insert,5048054,B,26,3515,GFD
39.026551,1,Cancel,7057400,,,,
39.026551,1,Cancel,7057401,,,,
39.026551,1,Insert,7057402,A,10000,3517,GFD
39.026551,1,Insert,7057403,B,10000,3512,GFD
39.365286,0,Insert,1846670,A,500,3518,GFD
39.365293,1,Cancel,7057402,,,,
39.365293,1,Cancel,7057403,,,,
39.365293,1,Insert,7057404,A,10000,3517,GFD
39.365293,1,Insert,7057405,B,10000,3512,GFD
39.365297,0,Insert,1439067,B,500,3511,GFD
39.365301,1,Cancel,7057404,,,,
39.365301,1,Cancel,7057405,,,,
39.365301,1,Insert,7057406,A,10000,3517,GFD
39.365301,1,Insert,7057407,B,10000,3512,GFD
39.365402,0,Insert,1547712,A,500,3517,GFD
39.365405,1,Cancel,7057406,,,,
39.365405,1,Cancel,7057407,,,,
39.365405,1,Insert,7057408,A,10000,3517,GFD
39.365405,1,Insert,7057409,B,10000,3512,GFD
39.365411,0,Insert,1505876,B,500,3510,GFD
39.365462,1,Cancel,7057408,,,,
39.365462,1,Cancel,7057409,,,,
39.365462,1,Insert,7057410,A,10000,3517,GFD
39.365462,1,Insert,7057411,B,10000,3512,GFD
39.365482,0,Cancel,1422341,,,,
39.453134,1,Insert,5048055,B,15,3515,GFD
39.494245,1,Insert,5048056,A,29,3512,GFD
40.051084,1,Insert,5048057,A,104,3515,GFD
40.661644,1,Insert,5048058,B,71,3515,GFD
40.738891,1,Insert,5048059,B,29,3513,GFD
41.799423,1,Insert,5048060,A,111,3513,GFD
41.987296,1,Insert,5048061,B,102,3514,GFD
42.127166,1,Insert,5048062,B,20,3513,GFD
42.156642,1,Insert,5048063,B,41,3514,GFD
42.196523,1,Cancel,7057410,,,,
42.196523,1,Cancel,7057411,,,,
42.196523,1,Insert,7057412,A,10000,3517,GFD
42.196523,1,Insert,7057413,B,10000,3512,GFD
42.40884,0,Insert,1952199,B,100,3513,GFD
42.439707,1,Cancel,7057412,,,,
42.439707,1,Cancel,7057413,,,,
42.439707,1,Insert,7057414,A,10000,3517,GFD
42.439707,1,Insert,7057415,B,10000,3512,GFD
42.439913,0,Insert,1983946,B,1000,3513,GFD
42.439965,1,Cancel,7057414,,,,
42.439965,1,Cancel,7057415,,,,
42.439965,1,Insert,7057416,A,10000,3517,GFD
42.439965,1,Insert,7057417,B,10000,3512,GFD
42.439987,0,Cancel,1561413,,,,
42.439993,1,Cancel,7057416,,,,
42.439993,1,Cancel,7057417,,,,
42.439993,1,Insert,7057418,A,10000,3517,GFD
42.439993,1,Insert,7057419,B,10000,3512,GFD
42.439999,0,Insert,1982114,B,600,3512,GFD
42.440011,1,Cancel,7057418,,,,
42.440011,1,Cancel,7057419,,,,
42.440011,1,Insert,7057420,A,10000,3517,GFD
42.440011,1,Insert,7057421,B,10000,3512,GFD
42.440012,0,Insert,1844460,B,200,3513,GFD
42.440029,1,Cancel,7057420,,,,
42.440029,1,Cancel,7057421,,,,
42.440029,1,Insert,7057422,A,10000,3517,GFD
42.440029,1,Insert,7057423,B,10000,3512,GFD
42.440053,0,Insert,1723411,A,200,3515,GFD
42.440088,0,Insert,1762297,B,1000,3514,GFD
42.440095,0,Cancel,1873251,,,,
42.440176,0,Insert,1603405,B,1500,3513,GFD
42.440196,0,Insert,1441603,A,1500,3517,GFD
42.44021,0,Cancel,1903743,,,,
42.440214,0,Cancel,1438169,,,,
42.440297,0,Insert,1871817,B,200,3514,GFD
42.440307,0,Cancel,1723411,,,,
42.440376,0,Cancel,1547712,,,,
42.440383,0,Cancel,1927664,,,,
42.440396,0,Insert,1678957,A,200,3516,GFD
42.440404,0,Insert,1437170,B,1000,3512,GFD
42.440434,0,Cancel,1642843,,,,
42.440486,0,Cancel,1588661,,,,
42.440494,0,Insert,1977068,A,500,3516,GFD
42.440506,0,Insert,1775951,A,100,3517,GFD
42.440558,0,Cancel,1748347,,,,
42.44063,0,Insert,1494282,A,500,3520,GFD
42.440843,0,Insert,1837125,B,1000,3510,GFD
42.440924,0,Cancel,1837125,,,,
42.480327,0,Cancel,1892191,,,,
42.480327,0,Insert,1466009,B,100,3514,GFD
42.480452,0,Cancel,1977068,,,,
42.48048,0,Insert,1662538,A,500,3519,GFD
42.480523,0,Cancel,1829276,,,,
42.814742,1,Insert,5048064,A,59,3516,GFD
42.850597,1,Cancel,7057422,,,,
42.850597,1,Cancel,7057423,,,,
42.850597,1,Insert,7057424,A,10000,3518,GFD
42.850597,1,Insert,7057425,B,10000,3513,GFD
42.891541,0,Insert,1763416,A,100,3514,FAK
42.891696,0,Insert,1935326,B,1500,3512,GFD
42.89171,0,Insert,1904324,A,1500,3516,GFD
42.891727,0,Cancel,1603405,,,,
42.891727,0,Cancel,1441603,,,,
42.891793,0,Insert,1457974,B,1500,3513,GFD
42.891802,0,Insert,1544018,A,1500,3517,GFD
42.891815,0,Cancel,1935326,,,,
42.891847,0,Cancel,1904324,,,,
43.477651,1,Insert,5048065,A,46,3515,GFD
43.499438,1,Insert,5048066,A,31,3514,GFD
44.649345,1,Insert,5048067,B,67,3515,GFD
45.215917,1,Insert,5048068,B,21,3517,GFD
45.334256,1,Insert,5048069,A,125,3515,GFD
45.435873,1,Insert,5048070,A,24,3517,GFD
45.79671,1,Insert,5048071,A,144,3515,GFD
45.918765,1,Insert,5048072,B,117,3514,GFD
45.982138,1,Cancel,7057424,,,,
45.982138,1,Cancel,7057425,,,,
45.982138,1,Insert,7057426,A,10000,3518,GFD
45.982138,1,Insert,7057427,B,10000,3513,GFD
46.143053,0,Insert,1809127,A,100,3517,GFD
46.143108,1,Cancel,7057426,,,,
46.143108,1,Cancel,7057427,,,,
46.143108,1,Insert,7057428,A,10000,3518,GFD
46.143108,1,Insert,7057429,B,10000,3513,GFD
46.143119,0,Insert,1798923,A,500,3521,GFD
46.272062,1,Insert,5048073,B,40,3517,GFD
46.657379,1,Cancel,7057428,,,,
46.657379,1,Cancel,7057429,,,,
46.657379,1,Insert,7057430,A,10000,3518,GFD
46.657379,1,Insert,7057431,B,10000,3513,GFD
46.961936,0,Cancel,1809127,,,,
46.961976,1,Cancel,7057430,,,,
46.961976,1,Cancel,7057431,,,,
46.961976,1,Insert,7057432,A,10000,3518,GFD
46.961976,1,Insert,7057433,B,10000,3513,GFD
46.961998,0,Cancel,1798923,,,,
47.197489,1,Insert,5048074,A,89,3514,GFD
47.25293,1,Cancel,7057432,,,,
47.25293,1,Cancel,7057433,,,,
47.25293,1,Insert,7057434,A,10000,3518,GFD
47.25293,1,Insert,7057435,B,10000,3513,GFD
47.28969,0,Insert,1802457,B,600,3516,FAK
47.28969,0,Insert,1970216,B,900,3516,FAK
47.289815,1,Cancel,7057434,,,,
47.289815,1,Cancel,7057435,,,,
47.289815,1,Insert,7057436,A,10000,3518,GFD
47.289815,1,Insert,7057437,B,10000,3513,GFD
47.289859,0,Cancel,1559064,,,,
47.289859,0,Cancel,1775951,,,,
47.289861,1,Cancel,7057436,,,,
47.289861,1,Cancel,7057437,,,,
47.289861,1,Insert,7057438,A,10000,3518,GFD
47.289861,1,Insert,7057439,B,10000,3513,GFD
47.289864,0,Insert,1613496,B,600,3515,GFD
47.289892,1,Cancel,7057438,,,,
47.289892,1,Cancel,7057439,,,,
47.289892,1,Insert,7057440,A,10000,3518,GFD
47.289892,1,Insert,7057441,B,10000,3513,GFD
47.289893,0,Insert,1826318,A,1500,3518,GFD
47.28991,1,Cancel,7057440,,,,
47.28991,1,Cancel,7057441,,,,
47.28991,1,Insert,7057442,A,10000,3518,GFD
47.28991,1,Insert,7057443,B,10000,3513,GFD
47.28991,0,Cancel,1544018,,,,
47.289916,0,Cancel,1996515,,,,
47.289951,0,Cancel,1478845,,,,
47.289965,0,Cancel,1489041,,,,
47.289989,0,Cancel,1846670,,,,
47.29,0,Cancel,1457974,,,,
47.290008,0,Insert,1578911,B,1000,3515,GFD
47.290024,0,Insert,1417194,B,1500,3514,GFD
47.290069,0,Insert,1846223,B,100,3513,GFD
47.290102,0,Insert,1770311,B,500,3513,GFD
47.290125,0,Cancel,1678957,,,,
47.29018,0,Cancel,1926489,,,,
47.290225,0,Insert,1475383,B,500,3513,GFD
47.290266,0,Insert,1881304,B,200,3515,GFD
47.290369,0,Cancel,1505876,,,,
47.291752,0,Insert,1889843,B,100,3513,GFD
47.293286,0,Insert,1846987,B,100,3513,GFD
47.298126,0,Insert,1900062,A,100,3519,GFD
47.298186,0,Insert,1948364,A,100,3519,GFD
47.299855,0,Insert,1738980,B,600,3514,GFD
47.299896,0,Cancel,1713445,,,,
47.304053,0,Insert,1672531,B,100,3512,GFD
47.304124,0,Insert,1715163,B,100,3512,GFD
47.30985,0,Insert,1737865,B,600,3513,GFD
47.309928,0,Insert,1509115,A,100,3521,GFD
47.309972,0,Insert,1447724,A,100,3521,GFD
47.316513,0,Insert,1767996,B,100,3511,GFD
47.316543,0,Insert,1630922,B,100,3511,GFD
47.31657,0,Insert,1817609,B,100,3516,FAK
47.31657,0,Insert,1993423,B,100,3516,FAK
47.316692,0,Insert,1533976,B,1000,3516,GFD
47.316725,0,Insert,1700565,B,600,3516,GFD
47.316756,0,Insert,1878716,B,100,3514,GFD
47.316762,0,Insert,1682807,B,200,3516,GFD
47.316795,0,Cancel,1557222,,,,
47.316795,0,Insert,1765299,B,100,3514,GFD
47.316806,0,Insert,1804834,A,1500,3519,GFD
47.316822,0,Cancel,1826318,,,,
47.316827,0,Insert,1443818,B,600,3517,FAK
47.316895,0,Insert,1414672,B,500,3514,GFD
47.316938,0,Insert,1681806,B,2800,3517,FAK
47.316966,0,Insert,1621147,B,1500,3515,GFD
47.316976,0,Insert,1944779,B,200,3517,FAK
47.317004,0,Cancel,1417194,,,,
47.317004,0,Insert,1493347,B,500,3514,GFD
47.317012,0,Cancel,1662538,,,,
47.317109,0,Insert,1515958,B,500,3517,FAK
47.317151,0,Cancel,1439067,,,,
47.317214,0,Cancel,1904693,,,,
47.317233,0,Cancel,1712741,,,,
47.317233,0,Insert,1741115,B,600,3517,GFD
47.317255,0,Insert,1996371,A,1500,3520,GFD
47.317278,0,Cancel,1948364,,,,
47.317288,0,Cancel,1804834,,,,
47.317302,0,Insert,1524873,B,100,3515,GFD
47.317346,0,Insert,1934846,B,100,3515,GFD
47.31757,0,Insert,1757299,B,1500,3515,GFD
47.31775,0,Amend,1437170,,-500,,
47.317776,0,Amend,1757299,,-500,,
47.32221,0,Insert,1937579,A,100,3520,GFD
47.322247,0,Insert,1691395,A,100,3523,GFD
47.327093,0,Insert,1532977,B,100,3515,GFD
47.328627,0,Insert,1463130,B,100,3515,GFD
47.330283,0,Cancel,1466009,,,,
47.330283,0,Insert,1998297,B,100,3515,GFD
47.330429,0,Insert,1463303,A,1000,3521,GFD
47.330479,0,Insert,1528627,A,500,3523,GFD
47.333145,0,Insert,1719899,A,100,3523,GFD
47.339375,0,Insert,1840114,B,100,3514,GFD
47.340909,0,Insert,1907025,B,100,3514,GFD
47.340968,0,Insert,1528387,A,100,3519,GFD
47.351776,0,Insert,1854454,B,100,3509,GFD
47.351805,0,Insert,1447349,B,100,3509,GFD
47.364085,0,Insert,1498332,B,100,3507,GFD
47.364113,0,Insert,1424177,B,100,3507,GFD
47.37633,0,Insert,1734744,B,100,3505,GFD
47.37636,0,Insert,1608503,B,100,3505,GFD
47.3999,0,Cancel,1878716,,,,
47.399926,0,Cancel,1846223,,,,
47.400136,0,Insert,1909970,A,600,3517,FAK
47.400255,0,Cancel,1700565,,,,
47.400289,0,Insert,1967213,A,1500,3519,GFD
47.400309,0,Cancel,1996371,,,,
47.400339,0,Cancel,1934846,,,,
47.400339,0,Cancel,1524873,,,,
47.400345,0,Cancel,1757299,,,,
47.400434,0,Insert,1666935,A,500,3520,GFD
47.40049,0,Insert,1604915,B,100,3514,GFD
47.400595,0,Cancel,1528627,,,,
47.402574,0,Cancel,1606135,,,,
47.40564,0,Insert,1410736,A,100,3520,GFD
47.408968,0,Cancel,1913082,,,,
47.409042,0,Cancel,1441959,,,,
47.412834,0,Cancel,1998297,,,,
47.412834,0,Insert,1536471,B,100,3517,GFD
47.412919,0,Insert,1868299,A,1500,3520,GFD
47.41293,0,Insert,1699563,A,100,3517,FAK
47.412986,0,Cancel,1967213,,,,
47.413067,0,Insert,1988492,B,100,3515,GFD
47.413076,0,Insert,1757394,A,1500,3519,GFD
47.41309,0,Cancel,1868299,,,,
47.413153,0,Insert,1516728,A,1500,3520,GFD
47.413176,0,Cancel,1757394,,,,
47.413234,0,Cancel,1666935,,,,
47.413419,0,Insert,1393513,A,500,3523,GFD
47.417228,0,Insert,1441556,A,600,3519,GFD
47.440193,0,Insert,1606028,B,500,3515,GFD
47.440238,0,Cancel,1475383,,,,
47.440349,0,Insert,1677825,B,500,3512,GFD
47.489253,0,Insert,1433766,A,1000,3516,FAK
47.489253,0,Insert,1668020,A,100,3516,FAK
47.489382,0,Insert,1841824,A,1000,3518,GFD
47.489394,0,Insert,1850511,A,600,3518,GFD
47.489402,0,Insert,1616965,B,1000,3516,GFD
47.489422,0,Cancel,1516728,,,,
47.489428,0,Insert,1611135,A,1500,3519,GFD
47.489463,0,Insert,1645702,B,100,3516,GFD
47.489481,0,Cancel,1606028,,,,
47.489481,0,Cancel,1988492,,,,
47.489604,0,Insert,1447370,B,100,3515,GFD
47.489612,0,Insert,1836695,A,500,3520,GFD
47.489718,0,Cancel,1836695,,,,
47.489726,0,Insert,1906180,A,500,3523,GFD
47.489824,0,Cancel,1906180,,,,
47.500081,0,Insert,1440762,B,100,3516,GFD
47.502555,0,Cancel,1813662,,,,
47.529451,0,Insert,1507728,B,500,3515,GFD
47.529588,0,Insert,1818340,B,1000,3514,GFD
47.529661,0,Cancel,1818340,,,,
47.547675,0,Insert,1574442,A,100,3516,FAK
47.547675,0,Insert,1506019,A,1000,3516,FAK
47.547675,0,Insert,1406635,A,100,3516,FAK
47.547825,0,Insert,1777565,B,100,3516,GFD
47.547898,0,Insert,1733792,B,1000,3516,GFD
47.547913,0,Cancel,1507728,,,,
47.547919,0,Cancel,1447370,,,,
47.547919,0,Insert,1977006,B,100,3516,GFD
47.548041,0,Insert,1394241,B,100,3515,GFD
47.548075,0,Insert,1808210,A,500,3520,GFD
47.548149,0,Cancel,1808210,,,,
47.557668,1,Insert,5048075,B,24,3518,GFD
47.566832,0,Insert,1431344,B,400,3512,GFD
47.566878,0,Insert,1852141,A,400,3521,GFD
47.588684,0,Insert,1799540,B,500,3515,GFD
47.743728,1,Insert,5048076,A,5,3515,GFD
47.782664,1,Insert,5048077,A,1,3515,GFD
47.799758,1,Insert,5048078,A,16,3515,GFD
47.904264,1,Insert,5048079,B,29,3517,GFD
47.951713,1,Cancel,7057442,,,,
47.951713,1,Cancel,7057443,,,,
47.951713,1,Insert,7057444,A,10000,3520,GFD
47.951713,1,Insert,7057445,B,10000,3515,GFD
47.954738,0,Insert,1684431,B,100,3518,FAK
47.954738,0,Insert,1519345,B,600,3518,FAK
47.95488,0,Cancel,1841824,,,,
47.954888,0,Cancel,1850511,,,,
47.954888,0,Cancel,1621147,,,,
47.954902,0,Insert,1839760,A,1500,3520,GFD
47.954912,0,Insert,1936053,B,1500,3516,GFD
47.95492,0,Cancel,1611135,,,,
47.954979,0,Insert,1988834,B,100,3515,GFD
47.999898,0,Cancel,1604915,,,,
48.198486,1,Insert,5048080,B,15,3517,GFD
48.335408,1,Cancel,7057444,,,,
48.335408,1,Cancel,7057445,,,,
48.335408,1,Insert,7057446,A,10000,3520,GFD
48.335408,1,Insert,7057447,B,10000,3515,GFD
49.687484,0,Insert,1548420,B,100,3508,GFD
50.112671,1,Insert,5048081,A,48,3516,GFD
50.387492,1,Insert,5048082,B,98,3517,GFD
50.623913,1,Insert,5048083,A,5,3519,GFD
50.706871,1,Cancel,7057446,,,,
50.706871,1,Cancel,7057447,,,,
50.706871,1,Insert,7057448,A,10000,3520,GFD
50.706871,1,Insert,7057449,B,10000,3515,GFD
50.778016,0,Cancel,1666208,,,,
50.79277,1,Cancel,7057448,,,,
50.79277,1,Cancel,7057449,,,,
50.79277,1,Insert,7057450,A,10000,3520,GFD
50.79277,1,Insert,7057451,B,10000,3515,GFD
50.820217,0,Insert,1935807,B,100,3518,FAK
50.976862,1,Cancel,7057450,,,,
50.976862,1,Cancel,7057451,,,,
50.976862,1,Insert,7057452,A,10000,3520,GFD
50.976862,1,Insert,7057453,B,10000,3515,GFD
51.082929,0,Insert,1929711,B,100,3517,GFD
51.083095,1,Cancel,7057452,,,,
51.083095,1,Cancel,7057453,,,,
51.083095,1,Insert,7057454,A,10000,3520,GFD
51.083095,1,Insert,7057455,B,10000,3515,GFD
51.083123,0,Insert,1839372,B,500,3515,GFD
51.083151,1,Cancel,7057454,,,,
51.083151,1,Cancel,7057455,,,,
51.083151,1,Insert,7057456,A,10000,3520,GFD
51.083151,1,Insert,7057457,B,10000,3515,GFD
51.083184,0,Insert,1729305,B,500,3513,GFD
51.083372,0,Cancel,1677825,,,,
51.162543,1,Cancel,7057456,,,,
51.162543,1,Cancel,7057457,,,,
51.162543,1,Insert,7057458,A,10000,3520,GFD
51.162543,1,Insert,7057459,B,10000,3515,GFD
51.201705,0,Insert,1939974,B,100,3516,GFD
51.473561,0,Insert,1514436,A,100,3517,FAK
51.473696,0,Cancel,1936053,,,,
51.473714,0,Insert,1530435,B,1500,3515,GFD
51.473753,0,Cancel,1988834,,,,
51.473761,0,Insert,1448123,A,600,3518,GFD
51.473805,0,Insert,1930850,B,1500,3516,GFD
51.473815,0,Cancel,1530435,,,,
51.473839,0,Cancel,1729305,,,,
51.473853,0,Cancel,1839372,,,,
51.473899,0,Cancel,1839760,,,,
51.473907,0,Insert,1463559,A,1500,3519,GFD
51.473925,0,Insert,1439396,B,100,3515,GFD
51.473931,0,Insert,1502015,B,1500,3515,GFD
51.473944,0,Cancel,1930850,,,,
51.473944,0,Cancel,1394241,,,,
51.474024,0,Cancel,1799540,,,,
51.474024,0,Cancel,1439396,,,,
51.474096,0,Insert,1624205,B,500,3512,GFD
51.474102,0,Insert,1611946,A,500,3520,GFD
51.474159,0,Insert,1731243,B,100,3514,GFD
51.474257,0,Insert,1809702,A,1000,3522,GFD
51.474339,0,Cancel,1809702,,,,
51.47436,0,Cancel,1393513,,,,
51.48429,0,Insert,1580367,A,100,3517,GFD
51.484358,0,Cancel,1733792,,,,
51.484414,0,Insert,1561915,A,1000,3517,GFD
51.484485,0,Insert,1700312,B,1500,3514,GFD
51.484499,0,Cancel,1502015,,,,
51.484508,0,Insert,1582109,A,500,3519,GFD
51.484586,0,Amend,1463303,,-500,,
51.514734,0,Insert,1402089,B,500,3513,GFD
51.591522,0,Insert,1918431,A,1500,3518,GFD
51.591531,0,Cancel,1463559,,,,
51.712162,1,Insert,5048084,B,12,3515,GFD
51.725977,1,Insert,5048085,B,90,3516,GFD
51.754889,1,Insert,5048086,B,37,3516,GFD
51.759055,1,Insert,5048087,A,8,3515,GFD
52.544027,1,Insert,5048088,B,26,3518,GFD
52.940095,1,Insert,5048089,B,12,3515,GFD
53.375915,1,Insert,5048090,A,21,3516,GFD
53.711135,1,Insert,5048091,A,16,3517,GFD
53.737692,1,Cancel,7057458,,,,
53.737692,1,Cancel,7057459,,,,
53.737692,1,Insert,7057460,A,10000,3519,GFD
53.737692,1,Insert,7057461,B,10000,3514,GFD
53.927414,0,Insert,1757671,B,100,3517,FAK
53.927414,0,Insert,1578755,B,1000,3517,FAK
53.927511,1,Cancel,7057460,,,,
53.927511,1,Cancel,7057461,,,,
53.927511,1,Insert,7057462,A,10000,3520,GFD
53.927511,1,Insert,7057463,B,10000,3515,GFD
53.927542,0,Insert,1512188,B,1000,3516,GFD
53.927554,1,Cancel,7057462,,,,
53.927554,1,Cancel,7057463,,,,
53.927554,1,Insert,7057464,A,10000,3520,GFD
53.927554,1,Insert,7057465,B,10000,3515,GFD
53.927574,0,Cancel,1448123,,,,
53.927575,1,Cancel,7057464,,,,
53.927575,1,Cancel,7057465,,,,
53.927575,1,Insert,7057466,A,10000,3520,GFD
53.927575,1,Insert,7057467,B,10000,3515,GFD
53.927579,0,Cancel,1918431,,,,
53.927581,1,Cancel,7057466,,,,
53.927581,1,Cancel,7057467,,,,
53.927581,1,Insert,7057468,A,10000,3520,GFD
53.927581,1,Insert,7057469,B,10000,3515,GFD
53.927584,0,Cancel,1700312,,,,
53.927584,0,Insert,1539300,B,1500,3515,GFD
53.927593,0,Insert,1914440,A,1500,3519,GFD
53.927613,0,Cancel,1582109,,,,
53.927738,0,Insert,1822891,B,100,3515,GFD
53.927907,0,Insert,1875840,B,500,3515,GFD
53.928065,0,Cancel,1402089,,,,
53.928217,0,Insert,1645552,B,1500,3512,GFD
53.92832,0,Cancel,1645552,,,,
53.967363,0,Insert,1753036,A,500,3521,GFD
54.00901,0,Cancel,1875840,,,,
54.00901,0,Cancel,1822891,,,,
54.049022,0,Insert,1934655,B,500,3513,GFD
54.075986,1,Cancel,7057468,,,,
54.075986,1,Cancel,7057469,,,,
54.075986,1,Insert,7057470,A,10000,3520,GFD
54.075986,1,Insert,7057471,B,10000,3515,GFD
54.190174,0,Insert,1775690,B,900,3518,FAK
54.190282,0,Insert,1608266,B,1000,3517,GFD
54.190309,0,Cancel,1900062,,,,
54.190319,0,Cancel,1914440,,,,
54.190319,0,Cancel,1539300,,,,
54.190332,0,Insert,1822201,B,1500,3516,GFD
54.190341,0,Insert,1652326,A,1500,3520,GFD
54.190354,0,Insert,1966738,B,200,3517,GFD
54.190362,0,Insert,1737623,B,100,3515,GFD
54.190383,0,Insert,1685108,B,100,3515,GFD
54.190451,0,Cancel,1611946,,,,
54.190451,0,Insert,1477864,B,500,3515,GFD
54.190529,0,Insert,1885449,B,500,3515,GFD
54.190665,0,Insert,1950446,B,1000,3515,GFD
54.19082,0,Cancel,1950446,,,,
54.19082,0,Insert,1888300,A,1500,3523,GFD
54.190829,0,Cancel,1624205,,,,
54.190941,0,Amend,1888300,,-1000,,
54.199918,0,Cancel,1731243,,,,
54.490563,0,Insert,1943553,A,1000,3517,FAK
54.490563,0,Insert,1651986,A,200,3517,FAK
54.490713,0,Insert,1418277,A,600,3518,GFD
54.490724,0,Insert,1812088,A,200,3518,GFD
54.490736,0,Cancel,1822201,,,,
54.490741,0,Cancel,1652326,,,,
54.490741,0,Insert,1654167,B,1500,3515,GFD
54.49075,0,Insert,1837702,A,1500,3519,GFD
54.490767,0,Cancel,1777565,,,,
54.490767,0,Cancel,1977006,,,,
54.490829,0,Insert,1510888,A,1000,3518,GFD
54.490842,0,Cancel,1737623,,,,
54.490855,0,Cancel,1934655,,,,
54.490855,0,Cancel,1885449,,,,
54.490882,0,Cancel,1477864,,,,
54.490882,0,Cancel,1685108,,,,
54.490941,0,Insert,1948396,B,100,3514,GFD
54.491036,0,Insert,1617787,A,500,3520,GFD
54.491059,0,Insert,1679913,B,500,3512,GFD
54.491148,0,Cancel,1888300,,,,
54.531567,0,Insert,1676491,B,500,3513,GFD
54.916897,1,Insert,5048092,B,22,3515,GFD
54.939144,1,Insert,5048093,A,5,3518,GFD
55.549825,1,Insert,5048094,B,33,3518,GFD
55.967006,1,Insert,5048095,A,2,3515,GFD
56.001954,1,Cancel,7057470,,,,
56.001954,1,Cancel,7057471,,,,
56.001954,1,Insert,7057472,A,10000,3520,GFD
56.001954,1,Insert,7057473,B,10000,3515,GFD
56.428077,0,Insert,1597655,B,300,3518,FAK
56.428221,1,Cancel,7057472,,,,
56.428221,1,Cancel,7057473,,,,
56.428221,1,Insert,7057474,A,10000,3520,GFD
56.428221,1,Insert,7057475,B,10000,3515,GFD
56.428297,0,Insert,1444737,B,100,3515,GFD
56.428307,1,Cancel,7057474,,,,
56.428307,1,Cancel,7057475,,,,
56.428307,1,Insert,7057476,A,10000,3520,GFD
56.428307,1,Insert,7057477,B,10000,3515,GFD
56.428366,0,Cancel,1617787,,,,
56.428382,1,Cancel,7057476,,,,
56.428382,1,Cancel,7057477,,,,
56.428382,1,Insert,7057478,A,10000,3520,GFD
56.428382,1,Insert,7057479,B,10000,3515,GFD
56.42839,0,Insert,1430722,B,500,3515,GFD
56.428456,0,Cancel,1676491,,,,
56.42852,0,Insert,1428479,A,500,3523,GFD
56.682583,1,Cancel,7057478,,,,
56.682583,1,Cancel,7057479,,,,
56.682583,1,Insert,7057480,A,10000,3520,GFD
56.682583,1,Insert,7057481,B,10000,3515,GFD
56.72969,0,Insert,1796050,B,2000,3517,GFD
56.729764,0,Cancel,1948396,,,,
56.729778,0,Cancel,1510888,,,,
56.729784,0,Cancel,1837702,,,,
56.729784,0,Cancel,1654167,,,,
56.729791,0,Insert,1594821,B,1500,3516,GFD
56.7298,0,Insert,1677904,A,1500,3520,GFD
56.729846,0,Cancel,1418277,,,,
56.730006,0,Cancel,1812088,,,,
56.730013,0,Insert,1513647,B,500,3515,GFD
56.730117,0,Insert,1423517,B,500,3513,GFD
56.730214,0,Insert,1407881,B,1000,3513,GFD
56.730325,0,Cancel,1407881,,,,
56.730325,0,Cancel,1679913,,,,
56.89991,0,Insert,1991348,B,100,3516,GFD
57.089463,1,Cancel,7057480,,,,
57.089463,1,Cancel,7057481,,,,
57.089463,1,Insert,7057482,A,10000,3520,GFD
57.089463,1,Insert,7057483,B,10000,3515,GFD
57.18499,0,Cancel,1627147,,,,
57.18499,0,Insert,1897241,B,100,3503,GFD
57.198015,1,Insert,5048096,B,49,3518,GFD
57.486684,1,Insert,5048097,A,2,3519,GFD
57.500856,1,Insert,5048098,A,37,3517,GFD
58.237059,1,Insert,5048099,A,64,3518,GFD
58.273141,1,Cancel,7057482,,,,
58.273141,1,Cancel,7057483,,,,
58.273141,1,Insert,7057484,A,10000,3520,GFD
58.273141,1,Insert,7057485,B,10000,3515,GFD
58.348997,0,Insert,1995750,B,100,3517,GFD
58.654977,1,Insert,5048100,B,85,3517,GFD
58.891374,1,Insert,5048101,A,46,3519,GFD
58.965293,1,Cancel,7057484,,,,
58.965293,1,Cancel,7057485,,,,
58.965293,1,Insert,7057486,A,10000,3520,GFD
58.965293,1,Insert,7057487,B,10000,3515,GFD
58.994127,0,Insert,1787830,B,100,3518,FAK
58.99417,1,Cancel,7057486,,,,
58.99417,1,Cancel,7057487,,,,
58.99417,1,Insert,7057488,A,10000,3520,GFD
58.99417,1,Insert,7057489,B,10000,3515,GFD
58.99452,0,Insert,1954660,B,3100,3518,FAK
58.994626,0,Insert,1820623,B,1000,3517,GFD
58.994649,0,Cancel,1528387,,,,
58.994649,0,Insert,1989967,B,600,3516,GFD
58.994664,0,Cancel,1410736,,,,
58.994677,0,Cancel,1441556,,,,
58.994693,0,Cancel,1677904,,,,
58.994693,0,Insert,1535299,B,100,3516,GFD
58.994714,0,Insert,1724253,A,200,3519,GFD
58.994722,0,Insert,1587712,B,1500,3517,GFD
58.994734,0,Cancel,1594821,,,,
58.994734,0,Insert,1640800,A,1500,3521,GFD
58.994749,0,Insert,1499009,B,1000,3518,GFD
58.994776,0,Cancel,1651803,,,,
58.994776,0,Insert,1525255,B,100,3516,GFD
58.99479,0,Insert,1648147,B,500,3517,GFD
58.994864,0,Cancel,1753036,,,,
58.994871,0,Insert,1830943,B,500,3516,GFD
58.99488,0,Cancel,1724253,,,,
58.994902,0,Cancel,1494282,,,,
58.994902,0,Insert,1450202,B,400,3518,GFD
58.994966,0,Cancel,1937579,,,,
58.995012,0,Cancel,1493347,,,,
58.995012,0,Cancel,1980476,,,,
58.995139,0,Insert,1483016,A,500,3522,GFD
58.995145,0,Insert,1559925,B,500,3516,GFD
58.995258,0,Insert,1709584,A,500,3524,GFD
58.999221,0,Insert,1432935,A,100,3522,GFD
59.002578,0,Cancel,1537645,,,,
59.005242,0,Insert,1993208,B,100,3516,GFD
59.034166,0,Insert,1929348,A,1000,3524,GFD
59.034245,0,Cancel,1929348,,,,
59.035249,0,Cancel,1440762,,,,
59.035249,0,Insert,1639836,B,100,3517,GFD
59.035866,0,Cancel,1431344,,,,
59.040691,0,Insert,1993649,B,100,3517,GFD
59.043665,0,Insert,1525672,B,100,3517,GFD
59.051809,0,Insert,1963299,A,4900,3520,GFD
59.051877,0,Insert,1838251,A,100,3521,GFD
59.062136,0,Insert,1926302,A,100,3522,GFD
59.083159,0,Cancel,1852141,,,,
59.083405,0,Insert,1716975,B,400,3514,GFD
59.09464,0,Insert,1746886,A,600,3519,GFD
59.094697,0,Cancel,1499009,,,,
59.094876,0,Cancel,1450202,,,,
59.094937,0,Insert,1971386,A,1000,3519,GFD
59.09495,0,Insert,1508416,B,1500,3516,GFD
59.094969,0,Cancel,1640800,,,,
59.094976,0,Insert,1495720,A,1500,3520,GFD
59.095005,0,Cancel,1559925,,,,
59.095012,0,Cancel,1830943,,,,
59.095086,0,Insert,1621470,B,500,3512,GFD
59.095248,0,Cancel,1587712,,,,
59.095256,0,Insert,1558092,A,500,3521,GFD
59.095351,0,Cancel,1709584,,,,
59.095399,0,Cancel,1525255,,,,
59.09542,0,Cancel,1525672,,,,
59.095456,0,Cancel,1820623,,,,
59.095487,0,Cancel,1993649,,,,
59.095551,0,Insert,1395907,A,200,3519,GFD
59.117702,1,Cancel,7057488,,,,
59.117702,1,Cancel,7057489,,,,
59.117702,1,Insert,7057490,A,10000,3521,GFD
59.117702,1,Insert,7057491,B,10000,3516,GFD
59.126531,0,Insert,1778008,A,400,3523,GFD
59.129633,0,Insert,1466168,A,100,3520,GFD
59.135763,0,Insert,1488530,B,500,3514,GFD
59.13582,0,Cancel,1621470,,,,
59.136067,0,Cancel,1639836,,,,
59.136067,0,Insert,1424692,B,100,3516,GFD
59.182204,0,Cancel,1424692,,,,
59.182204,0,Insert,1526979,B,100,3517,GFD
59.502557,0,Cancel,1526979,,,,
59.502557,0,Insert,1725330,B,100,3516,GFD
59.89478,1,Insert,5048102,B,20,3519,GFD
59.912536,1,Cancel,7057490,,,,
59.912536,1,Cancel,7057491,,,,
59.912536,1,Insert,7057492,A,10000,3521,GFD
59.912536,1,Insert,7057493,B,10000,3516,GFD
59.956297,0,Insert,1545654,B,100,3518,GFD
59.956399,0,Cancel,1395907,,,,
59.956461,0,Insert,1399344,B,100,3516,GFD
59.956496,0,Cancel,1495720,,,,
59.956496,0,Insert,1443157,A,1500,3521,GFD
59.956551,0,Insert,1896547,B,500,3516,GFD
59.95664,0,Insert,1661456,A,100,3518,FAK
59.9567,0,Cancel,1558092,,,,
59.956717,0,Cancel,1488530,,,,
59.956722,0,Cancel,1443157,,,,
59.956722,0,Insert,1501008,A,1500,3520,GFD
59.956781,0,Insert,1563675,B,500,3515,GFD
59.956803,0,Insert,1893863,A,200,3519,GFD
59.956842,0,Cancel,1423517,,,,
59.956864,0,Insert,1711571,A,500,3524,GFD
59.956969,0,Insert,1782922,A,500,3521,GFD
59.956979,0,Cancel,1896547,,,,
59.957042,0,Cancel,1399344,,,,
59.957064,0,Insert,1903725,A,200,3518,GFD
59.957072,0,Insert,1523340,B,500,3512,GFD
59.957083,0,Cancel,1711571,,,,
59.957145,0,Insert,1407702,A,100,3520,GFD
59.957171,0,Cancel,1501008,,,,
59.957171,0,Insert,1451317,A,1500,3519,GFD
59.957178,0,Cancel,1508416,,,,
59.957192,0,Insert,1755323,B,500,3513,GFD
59.9572,0,Cancel,1563675,,,,
59.957227,0,Insert,1980613,B,1500,3515,GFD
59.957249,0,Insert,1982370,A,1000,3518,GFD
59.957314,0,Cancel,1989967,,,,
59.957418,0,Cancel,1648147,,,,
59.957418,0,Insert,1892685,B,500,3514,GFD
59.957454,0,Insert,1532175,A,500,3520,GFD
59.957605,0,Cancel,1483016,,,,
59.957605,0,Cancel,1523340,,,,
59.957656,0,Insert,1443734,A,1000,3520,GFD
59.957746,0,Cancel,1443734,,,,
59.999923,0,Cancel,1838251,,,,
60.100079,1,Insert,5048103,B,111,3518,GFD
60.159877,1,Insert,5048104,A,21,3519,GFD
60.185335,1,Insert,5048105,B,116,3518,GFD
60.385527,1,Cancel,7057492,,,,
60.385527,1,Cancel,7057493,,,,
60.385527,1,Insert,7057494,A,10000,3520,GFD
60.385527,1,Insert,7057495,B,10000,3515,GFD
60.612448,0,Insert,1668931,B,100,3517,GFD
61.062587,1,Insert,5048106,B,15,3516,GFD
61.125672,1,Insert,5048107,B,62,3516,GFD
61.627558,1,Insert,5048108,A,12,3518,GFD
61.686042,1,Cancel,7057494,,,,
61.686042,1,Cancel,7057495,,,,
61.686042,1,Insert,7057496,A,10000,3520,GFD
61.686042,1,Insert,7057497,B,10000,3515,GFD
61.805481,0,Cancel,1400064,,,,
61.82995,1,Insert,5048109,B,1,3517,GFD
61.898546,1,Cancel,7057496,,,,
61.898546,1,Cancel,7057497,,,,
61.898546,1,Insert,7057498,A,10000,3520,GFD
61.898546,1,Insert,7057499,B,10000,3515,GFD
62.308559,0,Insert,1705112,A,100,3518,GFD
63.192091,1,Insert,5048110,B,67,3516,GFD
63.376551,1,Insert,5048111,A,31,3517,GFD
63.398583,1,Cancel,7057498,,,,
63.398583,1,Cancel,7057499,,,,
63.398583,1,Insert,7057500,A,10000,3520,GFD
63.398583,1,Insert,7057501,B,10000,3515,GFD
63.531528,0,Insert,1716091,B,100,3511,GFD
63.817679,1,Cancel,7057500,,,,
63.817679,1,Cancel,7057501,,,,
63.817679,1,Insert,7057502,A,10000,3520,GFD
63.817679,1,Insert,7057503,B,10000,3515,GFD
64.310686,0,Insert,1488762,A,200,3517,FAK
64.31089,1,Cancel,7057502,,,,
64.31089,1,Cancel,7057503,,,,
64.31089,1,Insert,7057504,A,10000,3520,GFD
64.31089,1,Insert,7057505,B,10000,3515,GFD
64.310987,0,Insert,1865206,A,500,3520,GFD
64.311065,1,Cancel,7057504,,,,
64.311065,1,Cancel,7057505,,,,
64.311065,1,Insert,7057506,A,10000,3520,GFD
64.311065,1,Insert,7057507,B,10000,3515,GFD
64.311078,0,Cancel,1621893,,,,
64.311167,1,Cancel,7057506,,,,
64.311167,1,Cancel,7057507,,,,
64.311167,1,Insert,7057508,A,10000,3520,GFD
64.311167,1,Insert,7057509,B,10000,3515,GFD
64.311168,0,Insert,1533366,B,500,3513,GFD
64.311212,1,Cancel,7057508,,,,
64.311212,1,Cancel,7057509,,,,
64.311212,1,Insert,7057510,A,10000,3520,GFD
64.311212,1,Insert,7057511,B,10000,3515,GFD
64.311269,0,Cancel,1513647,,,,
64.658979,1,Insert,5048112,B,28,3519,GFD
64.693653,1,Cancel,7057510,,,,
64.693653,1,Cancel,7057511,,,,
64.693653,1,Insert,7057512,A,10000,3520,GFD
64.693653,1,Insert,7057513,B,10000,3515,GFD
65.141388,0,Insert,1822068,B,100,3495,GFD
66.033753,1,Insert,5048113,B,2,3516,GFD
66.153779,1,Insert,5048114,B,42,3518,GFD
66.224893,1,Cancel,7057512,,,,
66.224893,1,Cancel,7057513,,,,
66.224893,1,Insert,7057514,A,10000,3520,GFD
66.224893,1,Insert,7057515,B,10000,3515,GFD
66.264539,0,Insert,1403449,B,100,3518,FAK
66.329376,1,Cancel,7057514,,,,
66.329376,1,Cancel,7057515,,,,
66.329376,1,Insert,7057516,A,10000,3520,GFD
66.329376,1,Insert,7057517,B,10000,3515,GFD
66.365058,0,Insert,1851422,A,100,3517,FAK
66.365167,1,Cancel,7057516,,,,
66.365167,1,Cancel,7057517,,,,
66.365167,1,Insert,7057518,A,10000,3520,GFD
66.365167,1,Insert,7057519,B,10000,3515,GFD
66.365169,0,Cancel,1991348,,,,
66.370158,1,Insert,5048115,A,29,3516,GFD
66.391383,0,Insert,1711687,A,500,3522,GFD
66.499933,0,Insert,1843920,B,100,3515,GFD
66.574318,1,Insert,5048116,B,134,3517,GFD
66.763911,1,Insert,5048117,B,111,3517,GFD
66.778582,1,Cancel,7057518,,,,
66.778582,1,Cancel,7057519,,,,
66.778582,1,Insert,7057520,A,10000,3520,GFD
66.778582,1,Insert,7057521,B,10000,3515,GFD
66.798478,0,Insert,1844851,B,500,3512,GFD
66.870911,1,Insert,5048118,B,8,3519,GFD
67.320825,1,Insert,5048119,B,15,3519,GFD
67.396044,1,Cancel,7057520,,,,
67.396044,1,Cancel,7057521,,,,
67.396044,1,Insert,7057522,A,10000,3520,GFD
67.396044,1,Insert,7057523,B,10000,3515,GFD
67.462875,0,Cancel,1451317,,,,
67.462875,0,Insert,1822038,B,1500,3516,GFD
67.462883,0,Insert,1542850,A,1500,3520,GFD
67.462897,0,Cancel,1980613,,,,
67.463004,0,Cancel,1822038,,,,
67.463004,0,Insert,1964413,B,1500,3515,GFD
67.463027,0,Insert,1845523,B,1500,3516,GFD
67.463124,0,Cancel,1964413,,,,
67.463124,0,Insert,1436156,A,500,3523,GFD
67.463132,0,Insert,1661551,B,500,3515,GFD
67.463155,0,Cancel,1865206,,,,
67.463181,0,Cancel,1533366,,,,
67.463463,0,Insert,1712894,A,500,3521,GFD
67.46355,0,Cancel,1711687,,,,
67.554624,1,Insert,5048120,A,78,3517,GFD
67.674779,1,Insert,5048121,B,147,3518,GFD
67.697828,1,Insert,5048122,A,44,3517,GFD
67.734938,1,Cancel,7057522,,,,
67.734938,1,Cancel,7057523,,,,
67.734938,1,Insert,7057524,A,10000,3520,GFD
67.734938,1,Insert,7057525,B,10000,3515,GFD
67.852668,0,Insert,1474014,B,500,3507,GFD
69.131054,1,Insert,5048123,A,27,3516,GFD
69.184426,1,Cancel,7057524,,,,
69.184426,1,Cancel,7057525,,,,
69.184426,1,Insert,7057526,A,10000,3520,GFD
69.184426,1,Insert,7057527,B,10000,3515,GFD
69.273927,0,Insert,1741656,B,100,3516,GFD
69.473117,1,Cancel,7057526,,,,
69.473117,1,Cancel,7057527,,,,
69.473117,1,Insert,7057528,A,10000,3520,GFD
69.473117,1,Insert,7057529,B,10000,3515,GFD
69.607047,0,Insert,1941196,B,500,3514,GFD
69.607106,1,Cancel,7057528,,,,
69.607106,1,Cancel,7057529,,,,
69.607106,1,Insert,7057530,A,10000,3520,GFD
69.607106,1,Insert,7057531,B,10000,3515,GFD
69.607109,0,Cancel,1755323,,,,
69.755118,1,Insert,5048124,B,91,3517,GFD
69.79537,1,Cancel,7057530,,,,
69.79537,1,Cancel,7057531,,,,
69.79537,1,Insert,7057532,A,10000,3520,GFD
69.79537,1,Insert,7057533,B,10000,3515,GFD
69.91691,0,Insert,1964593,B,500,3507,GFD
69.97763,1,Insert,5048125,A,91,3518,GFD
70.791615,1,Insert,5048126,B,69,3517,GFD
70.86484,1,Insert,5048127,B,11,3516,GFD
70.877901,1,Cancel,7057532,,,,
70.877901,1,Cancel,7057533,,,,
70.877901,1,Insert,7057534,A,10000,3520,GFD
70.877901,1,Insert,7057535,B,10000,3515,GFD
71.278409,0,Insert,1395208,A,100,3517,FAK
71.278527,1,Cancel,7057534,,,,
71.278527,1,Cancel,7057535,,,,
71.278527,1,Insert,7057536,A,10000,3520,GFD
71.278527,1,Insert,7057537,B,10000,3515,GFD
71.278559,0,Cancel,1845523,,,,
71.278565,1,Cancel,7057536,,,,
71.278565,1,Cancel,7057537,,,,
71.278565,1,Insert,7057538,A,10000,3520,GFD
71.278565,1,Insert,7057539,B,10000,3515,GFD
71.278566,0,Cancel,1542850,,,,
71.278566,0,Insert,1431031,A,1500,3519,GFD
71.278578,0,Insert,1749817,B,1500,3515,GFD
71.278653,0,Cancel,1431031,,,,
71.27867,0,Insert,1644109,A,1500,3520,GFD
71.278837,0,Insert,1953039,A,1000,3522,GFD
71.278982,0,Cancel,1953039,,,,
71.749898,1,Cancel,7057538,,,,
71.749898,1,Cancel,7057539,,,,
71.749898,1,Insert,7057540,A,10000,3520,GFD
71.749898,1,Insert,7057541,B,10000,3515,GFD
71.766291,0,Insert,1772380,B,100,3516,GFD
71.931638,1,Insert,5048128,B,69,3518,GFD
72.764518,1,Insert,5048129,B,4,3517,GFD
72.823662,1,Insert,5048130,A,75,3519,GFD
72.985685,1,Cancel,7057540,,,,
72.985685,1,Cancel,7057541,,,,
72.985685,1,Insert,7057542,A,10000,3520,GFD
72.985685,1,Insert,7057543,B,10000,3515,GFD
73.299531,0,Insert,1564237,B,500,3503,GFD
73.30057,1,Cancel,7057542,,,,
73.30057,1,Cancel,7057543,,,,
73.30057,1,Insert,7057544,A,10000,3520,GFD
73.30057,1,Insert,7057545,B,10000,3515,GFD
73.302531,0,Insert,1737931,B,100,3503,GFD
73.302596,1,Cancel,7057544,,,,
73.302596,1,Cancel,7057545,,,,
73.302596,1,Insert,7057546,A,10000,3520,GFD
73.302596,1,Insert,7057547,B,10000,3515,GFD
73.308669,0,Insert,1781128,B,100,3503,GFD
73.821181,1,Insert,5048131,B,10,3516,GFD
74.101919,1,Insert,5048132,B,90,3517,GFD
74.119807,1,Insert,5048133,A,10,3518,GFD
74.411646,1,Insert,5048134,B,4,3520,GFD
74.577103,1,Insert,5048135,B,8,3516,GFD
74.771245,1,Cancel,7057546,,,,
74.771245,1,Cancel,7057547,,,,
74.771245,1,Insert,7057548,A,10000,3520,GFD
74.771245,1,Insert,7057549,B,10000,3515,GFD
74.881245,0,Cancel,1939974,,,,
74.93197,1,Insert,5048136,B,40,3516,GFD
75.272487,1,Insert,5048137,A,33,3519,GFD
75.69307,1,Insert,5048138,A,16,3519,GFD
75.91582,1,Cancel,7057548,,,,
75.91582,1,Cancel,7057549,,,,
75.91582,1,Insert,7057550,A,10000,3520,GFD
75.91582,1,Insert,7057551,B,10000,3515,GFD
77.794157,0,Insert,1505526,A,600,3518,GFD
77.795029,1,Cancel,7057550,,,,
77.795029,1,Cancel,7057551,,,,
77.795029,1,Insert,7057552,A,10000,3520,GFD
77.795029,1,Insert,7057553,B,10000,3515,GFD
77.79791,0,Insert,1703499,A,100,3520,GFD
77.892359,1,Cancel,7057552,,,,
77.892359,1,Cancel,7057553,,,,
77.892359,1,Insert,7057554,A,10000,3520,GFD
77.892359,1,Insert,7057555,B,10000,3515,GFD
78.222889,0,Insert,1751956,A,100,3520,GFD
78.222962,1,Cancel,7057554,,,,
78.222962,1,Cancel,7057555,,,,
78.222962,1,Insert,7057556,A,10000,3520,GFD
78.222962,1,Insert,7057557,B,10000,3515,GFD
78.222965,0,Insert,1562174,A,1600,3517,FAK
78.222965,0,Insert,1610311,A,100,3517,FAK
78.222965,0,Insert,1789201,A,100,3517,FAK
78.222984,1,Cancel,7057556,,,,
78.222984,1,Cancel,7057557,,,,
78.222984,1,Insert,7057558,A,10000,3520,GFD
78.222984,1,Insert,7057559,B,10000,3515,GFD
78.223145,0,Insert,1980614,A,1000,3517,GFD
78.223148,1,Cancel,7057558,,,,
78.223148,1,Cancel,7057559,,,,
78.223148,1,Insert,7057560,A,10000,3519,GFD
78.223148,1,Insert,7057561,B,10000,3514,GFD
78.223156,0,Insert,1426880,A,200,3518,GFD
78.223157,1,Cancel,7057560,,,,
78.223157,1,Cancel,7057561,,,,
78.223157,1,Insert,7057562,A,10000,3519,GFD
78.223157,1,Insert,7057563,B,10000,3514,GFD
78.223191,0,Cancel,1749817,,,,
78.223194,1,Cancel,7057562,,,,
78.223194,1,Cancel,7057563,,,,
78.223194,1,Insert,7057564,A,10000,3519,GFD
78.223194,1,Insert,7057565,B,10000,3514,GFD
78.223197,0,Cancel,1644109,,,,
78.223207,1,Cancel,7057564,,,,
78.223207,1,Cancel,7057565,,,,
78.223207,1,Insert,7057566,A,10000,3519,GFD
78.223207,1,Insert,7057567,B,10000,3514,GFD
78.223224,0,Cancel,1993208,,,,
78.223224,0,Insert,1565979,A,1500,3519,GFD
78.223234,0,Cancel,1535299,,,,
78.223247,0,Cancel,1843920,,,,
78.223247,0,Insert,1905653,A,100,3517,GFD
78.223307,0,Insert,1413914,A,1500,3518,GFD
78.223342,0,Insert,1556057,A,100,3519,GFD
78.223359,0,Cancel,1512188,,,,
78.223366,0,Cancel,1903725,,,,
78.223372,0,Cancel,1661551,,,,
78.223377,0,Cancel,1565979,,,,
78.223377,0,Insert,1744917,B,1500,3514,GFD
78.223383,0,Insert,1579743,A,100,3519,GFD
78.223411,0,Cancel,1430722,,,,
78.223411,0,Insert,1849454,B,100,3514,GFD
78.22348,0,Cancel,1941196,,,,
78.22348,0,Insert,1891996,A,500,3519,GFD
78.223526,0,Cancel,1444737,,,,
78.223534,0,Insert,1514805,A,100,3516,FAK
78.223534,0,Insert,1641786,A,100,3516,FAK
78.223534,0,Insert,1980187,A,100,3516,FAK
78.22363,0,Cancel,1578911,,,,
78.22363,0,Insert,1484526,A,500,3520,GFD
78.223724,0,Cancel,1712894,,,,
78.223724,0,Cancel,1782922,,,,
78.223774,0,Cancel,1849454,,,,
78.223774,0,Insert,1392257,A,200,3517,GFD
78.223782,0,Cancel,1881304,,,,
78.223789,0,Insert,1721806,A,600,3517,GFD
78.223798,0,Cancel,1463130,,,,
78.223817,0,Cancel,1613496,,,,
78.223836,0,Cancel,1532977,,,,
78.223842,0,Cancel,1892685,,,,
78.223847,0,Cancel,1414672,,,,
78.223847,0,Insert,1404245,B,100,3513,GFD
78.223871,0,Cancel,1765299,,,,
78.223903,0,Cancel,1413914,,,,
78.223903,0,Insert,1779656,A,1500,3517,GFD
78.223924,0,Cancel,1744917,,,,
78.223924,0,Insert,1620900,B,1500,3513,GFD
78.223944,0,Insert,1950855,A,300,3516,GFD
78.223977,0,Cancel,1907025,,,,
78.223988,0,Cancel,1871817,,,,
78.223988,0,Insert,1466964,A,500,3519,GFD
78.224008,0,Cancel,1770311,,,,
78.224008,0,Insert,1454110,A,100,3518,GFD
78.224014,0,Insert,1424155,A,600,3516,GFD
78.224039,0,Insert,1445743,A,500,3517,GFD
78.224067,0,Insert,1558762,A,500,3522,GFD
78.224073,0,Cancel,1840114,,,,
78.224133,0,Insert,1933969,A,100,3516,GFD
78.22414,0,Insert,1501057,A,100,3518,GFD
78.224154,0,Cancel,1905653,,,,
78.224154,0,Insert,1848659,A,200,3516,GFD
78.224173,0,Cancel,1738980,,,,
78.224173,0,Insert,1798388,A,1000,3515,GFD
78.224193,0,Cancel,1404245,,,,
78.224193,0,Insert,1403514,A,300,3516,GFD
78.224199,0,Cancel,1640908,,,,
78.224261,0,Cancel,1762297,,,,
78.224261,0,Insert,1869464,A,100,3515,GFD
78.224269,0,Insert,1769428,A,100,3517,GFD
78.22429,0,Cancel,1620900,,,,
78.22429,0,Insert,1695207,A,500,3518,GFD
78.224301,0,Cancel,1933969,,,,
78.224301,0,Insert,1950596,B,1500,3512,GFD
78.224308,0,Insert,1836437,B,100,3512,GFD
78.224356,0,Insert,1891373,A,100,3517,GFD
78.224375,0,Insert,1577801,A,400,3514,FAK
78.224408,0,Cancel,1737865,,,,
78.22442,0,Cancel,1779656,,,,
78.22442,0,Insert,1969256,A,1500,3516,GFD
78.224434,0,Insert,1583629,A,500,3518,GFD
78.22447,0,Cancel,1983946,,,,
78.224476,0,Cancel,1846987,,,,
78.22448,0,Insert,1990215,A,500,3517,GFD
78.224511,0,Cancel,1950855,,,,
78.224545,0,Insert,1655906,A,200,3515,GFD
78.224557,0,Cancel,1836437,,,,
78.224576,0,Insert,1889680,A,600,3515,GFD
78.224595,0,Cancel,1844460,,,,
78.224626,0,Cancel,1466964,,,,
78.224669,0,Cancel,1889843,,,,
78.22472,0,Insert,1998356,B,100,3511,GFD
78.224741,0,Cancel,1437170,,,,
78.224747,0,Cancel,1939610,,,,
78.224747,0,Insert,1509130,B,1500,3511,GFD
78.224761,0,Cancel,1950596,,,,
78.224768,0,Cancel,1844851,,,,
78.224813,0,Insert,1670302,A,500,3517,GFD
78.22485,0,Cancel,1969256,,,,
78.22492,0,Cancel,1484526,,,,
78.225031,0,Insert,1531536,A,1500,3515,GFD
78.225096,0,Insert,1573235,A,100,3516,GFD
78.225129,0,Insert,1832070,B,200,3514,GFD
78.225212,0,Insert,1451294,A,200,3514,FAK
78.22524,0,Insert,1978406,A,200,3514,GFD
78.225257,0,Cancel,1531536,,,,
78.225257,0,Insert,1866724,B,1500,3512,GFD
78.225278,0,Cancel,1509130,,,,
78.225278,0,Insert,1497295,A,1500,3516,GFD
78.225284,0,Insert,1577663,A,100,3513,FAK
78.225284,0,Insert,1884726,A,100,3513,FAK
78.225284,0,Insert,1450359,A,100,3513,GFD
78.22538,0,Insert,1407583,A,100,3514,GFD
78.225387,0,Insert,1888880,A,1000,3514,GFD
78.225401,0,Cancel,1866724,,,,
78.225401,0,Insert,1891181,B,1500,3511,GFD
78.225409,0,Insert,1971069,A,100,3515,GFD
78.22542,0,Insert,1468644,A,600,3514,GFD
78.225455,0,Cancel,1982114,,,,
78.225466,0,Cancel,1497295,,,,
78.225516,0,Insert,1541163,A,1500,3515,GFD
78.225571,0,Cancel,1869464,,,,
78.225576,0,Cancel,1790216,,,,
78.225576,0,Insert,1536140,A,100,3516,GFD
78.225595,0,Cancel,1998356,,,,
78.225608,0,Cancel,1715163,,,,
78.225608,0,Insert,1965144,A,300,3513,GFD
78.225615,0,Insert,1927048,A,100,3515,GFD
78.225638,0,Cancel,1672531,,,,
78.225662,0,Insert,1934929,A,500,3516,GFD
78.225717,0,Insert,1775968,B,100,3510,GFD
78.22573,0,Cancel,1537482,,,,
78.22573,0,Insert,1708482,A,1000,3513,GFD
78.225738,0,Insert,1549561,B,100,3513,FAK
78.225768,0,Cancel,1541163,,,,
78.225768,0,Insert,1872496,B,1500,3510,GFD
78.225785,0,Cancel,1891181,,,,
78.225785,0,Insert,1965202,A,1500,3514,GFD
78.225824,0,Cancel,1625816,,,,
78.225828,0,Cancel,1583629,,,,
78.225838,0,Cancel,1630922,,,,
78.225916,0,Cancel,1767996,,,,
78.225916,0,Insert,1429762,A,500,3516,GFD
78.225946,0,Insert,1869051,A,200,3513,GFD
78.225961,0,Cancel,1613546,,,,
78.225971,0,Cancel,1965202,,,,
78.225971,0,Insert,1651914,A,1500,3514,GFD
78.226053,0,Cancel,1695207,,,,
78.22609,0,Cancel,1775968,,,,
78.22609,0,Insert,1993944,A,1000,3512,GFD
78.226097,0,Insert,1752945,A,600,3513,GFD
78.226161,0,Insert,1809511,A,100,3514,GFD
78.226187,0,Insert,1611863,B,100,3509,GFD
78.226206,0,Cancel,1995924,,,,
78.226211,0,Cancel,1406465,,,,
78.226238,0,Insert,1602959,A,1500,3515,GFD
78.226307,0,Cancel,1602959,,,,
78.243878,1,Insert,5048139,A,19,3513,GFD
78.262027,0,Cancel,1778008,,,,
78.263171,0,Insert,1616231,B,500,3509,GFD
78.263216,0,Insert,1486786,B,500,3508,GFD
78.263249,0,Insert,1590818,A,100,3517,GFD
78.263409,0,Insert,1996911,B,500,3507,GFD
78.263486,0,Insert,1709430,B,500,3506,GFD
78.275694,0,Insert,1597594,A,1000,3515,GFD
78.275809,0,Cancel,1670302,,,,
78.299946,0,Cancel,1927048,,,,
78.30002,0,Cancel,1573235,,,,
78.300044,0,Cancel,1769428,,,,
78.300067,0,Cancel,1454110,,,,
78.300095,0,Cancel,1556057,,,,
78.300131,0,Cancel,1407702,,,,
78.302443,0,Insert,1861275,A,400,3515,GFD
78.321383,1,Cancel,7057566,,,,
78.321383,1,Cancel,7057567,,,,
78.321383,1,Insert,7057568,A,10000,3514,GFD
78.321383,1,Insert,7057569,B,10000,3509,GFD
78.802598,0,Insert,1572646,A,100,3514,GFD
78.802609,0,Insert,1752661,A,100,3515,GFD
78.802622,0,Insert,1734365,A,100,3512,GFD
78.802636,0,Cancel,1407583,,,,
78.802712,0,Cancel,1872496,,,,
78.802712,0,Insert,1567819,B,1500,3509,GFD
78.804713,0,Insert,1977226,B,400,3506,GFD
78.902076,1,Insert,5048140,A,3,3512,GFD
78.90261,0,Cancel,1965144,,,,
78.90261,0,Insert,1816030,A,300,3512,GFD
79.002767,0,Insert,1559126,A,500,3514,GFD
79.002836,0,Cancel,1429762,,,,
79.003022,0,Insert,1601835,A,500,3517,GFD
79.085237,1,Insert,5048141,B,2,3513,GFD
79.19576,1,Insert,5048142,A,39,3511,GFD
79.216142,1,Insert,5048143,B,96,3511,GFD
79.226139,1,Cancel,7057568,,,,
79.226139,1,Cancel,7057569,,,,
79.226139,1,Insert,7057570,A,10000,3514,GFD
79.226139,1,Insert,7057571,B,10000,3509,GFD
79.261207,0,Cancel,1996911,,,,
79.261252,0,Insert,1866629,B,100,3499,GFD
79.26128,0,Insert,1549303,A,100,3513,GFD
79.261304,0,Insert,1537192,B,100,3499,GFD
79.261312,0,Insert,1824551,B,500,3506,GFD
79.26133,0,Insert,1699876,A,100,3514,GFD
79.261355,0,Insert,1457592,A,100,3514,GFD
79.261379,0,Insert,1601719,A,100,3515,GFD
79.261401,0,Insert,1797882,A,100,3516,GFD
79.261425,0,Insert,1978837,A,100,3516,GFD
79.261497,0,Insert,1709922,A,100,3517,GFD
79.261521,0,Insert,1685429,A,100,3517,GFD
79.261545,0,Insert,1609279,B,100,3508,GFD
79.261571,0,Insert,1521538,A,100,3518,GFD
79.261595,0,Insert,1475850,B,100,3508,GFD
79.261709,0,Insert,1643690,A,100,3518,GFD
79.261737,0,Insert,1669558,A,500,3515,GFD
79.261747,0,Insert,1557702,A,100,3519,GFD
79.261776,0,Insert,1390244,A,100,3519,GFD
79.261805,0,Cancel,1934929,,,,
79.262141,0,Insert,1422119,B,500,3507,GFD
79.262177,0,Cancel,1824551,,,,
80.09311,1,Cancel,7057570,,,,
80.09311,1,Cancel,7057571,,,,
80.09311,1,Insert,7057572,A,10000,3514,GFD
80.09311,1,Insert,7057573,B,10000,3509,GFD
80.117064,0,Cancel,1540391,,,,
80.238559,1,Cancel,7057572,,,,
80.238559,1,Cancel,7057573,,,,
80.238559,1,Insert,7057574,A,10000,3514,GFD
80.238559,1,Insert,7057575,B,10000,3509,GFD
80.302598,0,Insert,1405567,B,100,3502,GFD
80.302611,0,Insert,1794997,B,100,3501,GFD
80.302618,0,Insert,1972591,B,100,3500,GFD
80.302625,0,Insert,1873161,B,100,3498,GFD
80.302634,0,Insert,1668881,B,100,3499,GFD
80.518475,1,Insert,5048144,B,6,3513,GFD
80.534114,1,Cancel,7057574,,,,
80.534114,1,Cancel,7057575,,,,
80.534114,1,Insert,7057576,A,10000,3514,GFD
80.534114,1,Insert,7057577,B,10000,3509,GFD
80.633541,0,Insert,1469391,B,1000,3512,FAK
80.633541,0,Insert,1906374,B,100,3512,FAK
80.633541,0,Insert,1925203,B,300,3512,FAK
80.633742,0,Insert,1811716,B,1500,3510,GFD
80.633752,0,Cancel,1567819,,,,
80.633767,0,Cancel,1559126,,,,
80.63386,0,Insert,1791166,B,100,3510,GFD
80.633884,0,Cancel,1809511,,,,
80.633884,0,Insert,1434381,A,1000,3518,GFD
80.633947,0,Insert,1527270,A,100,3515,GFD
80.633991,0,Insert,1922266,B,500,3510,GFD
80.634092,0,Cancel,1669558,,,,
80.634229,0,Cancel,1486786,,,,
80.673954,0,Insert,1887855,A,1000,3516,GFD
80.674023,0,Cancel,1990215,,,,
80.674023,0,Cancel,1601835,,,,
80.674163,0,Insert,1646992,A,500,3518,GFD
80.939462,0,Insert,1514871,A,500,3515,GFD
80.939552,0,Amend,1887855,,-500,,
80.939703,0,Insert,1853569,A,500,3517,GFD
80.939739,0,Cancel,1646992,,,,
81.720293,1,Insert,5048145,A,109,3513,GFD
81.788105,1,Cancel,7057576,,,,
81.788105,1,Cancel,7057577,,,,
81.788105,1,Insert,7057578,A,10000,3515,GFD
81.788105,1,Insert,7057579,B,10000,3510,GFD
81.940552,0,Cancel,1922266,,,,
81.940552,0,Cancel,1791166,,,,
81.940582,1,Cancel,7057578,,,,
81.940582,1,Cancel,7057579,,,,
81.940582,1,Insert,7057580,A,10000,3515,GFD
81.940582,1,Insert,7057581,B,10000,3510,GFD
81.940614,0,Insert,1666301,B,500,3506,GFD
81.946436,0,Insert,1695360,B,100,3506,GFD
81.952139,0,Insert,1759611,B,100,3506,GFD
81.980979,0,Insert,1539845,B,500,3508,GFD
81.981019,0,Cancel,1666301,,,,
81.98117,0,Insert,1473481,B,500,3506,GFD
82.207161,1,Insert,5048146,A,119,3512,GFD
82.773867,1,Cancel,7057580,,,,
82.773867,1,Cancel,7057581,,,,
82.773867,1,Insert,7057582,A,10000,3515,GFD
82.773867,1,Insert,7057583,B,10000,3510,GFD
82.869435,0,Insert,1930893,B,100,3508,GFD
84.318201,1,Cancel,7057582,,,,
84.318201,1,Cancel,7057583,,,,
84.318201,1,Insert,7057584,A,10000,3515,GFD
84.318201,1,Insert,7057585,B,10000,3510,GFD
84.364311,0,Insert,1775568,B,100,3511,GFD
84.364318,1,Cancel,7057584,,,,
84.364318,1,Cancel,7057585,,,,
84.364318,1,Insert,7057586,A,10000,3515,GFD
84.364318,1,Insert,7057587,B,10000,3510,GFD
84.364392,0,Insert,1605519,B,1000,3511,GFD
84.364413,1,Cancel,7057586,,,,
84.364413,1,Cancel,7057587,,,,
84.364413,1,Insert,7057588,A,10000,3515,GFD
84.364413,1,Insert,7057589,B,10000,3510,GFD
84.36446,0,Insert,1532699,B,100,3510,GFD
84.393678,1,Cancel,7057588,,,,
84.393678,1,Cancel,7057589,,,,
84.393678,1,Insert,7057590,A,10000,3515,GFD
84.393678,1,Insert,7057591,B,10000,3510,GFD
84.399954,0,Cancel,1611863,,,,
84.443857,0,Cancel,1752945,,,,
84.443924,0,Cancel,1549303,,,,
84.444081,0,Insert,1962160,B,500,3508,GFD
84.44416,0,Cancel,1422119,,,,
84.493064,1,Cancel,7057590,,,,
84.493064,1,Cancel,7057591,,,,
84.493064,1,Insert,7057592,A,10000,3515,GFD
84.493064,1,Insert,7057593,B,10000,3510,GFD
84.921114,0,Insert,1992980,A,300,3513,GFD
84.921194,0,Insert,1640115,A,600,3513,GFD
84.921258,0,Insert,1567403,A,100,3514,GFD
84.921388,0,Cancel,1962160,,,,
84.921442,0,Cancel,1605519,,,,
84.921498,0,Insert,1645032,A,100,3513,GFD
84.921506,0,Cancel,1532699,,,,
84.921526,0,Insert,1891814,B,500,3507,GFD
84.921588,0,Insert,1928083,B,100,3509,GFD
84.921597,0,Insert,1747033,A,1000,3512,GFD
84.921839,0,Insert,1682729,A,500,3514,GFD
84.921848,0,Cancel,1473481,,,,
84.921955,0,Cancel,1887855,,,,
84.92213,0,Insert,1482257,A,500,3517,GFD
84.999949,0,Cancel,1527270,,,,
85.013478,1,Insert,5048147,A,156,3512,GFD
85.017578,0,Insert,1973716,B,500,3503,GFD
85.180574,1,Cancel,7057592,,,,
85.180574,1,Cancel,7057593,,,,
85.180574,1,Insert,7057594,A,10000,3514,GFD
85.180574,1,Insert,7057595,B,10000,3509,GFD
85.369553,0,Insert,1782515,B,500,3506,GFD
85.851036,1,Insert,5048148,B,22,3512,GFD
85.979875,1,Cancel,7057594,,,,
85.979875,1,Cancel,7057595,,,,
85.979875,1,Insert,7057596,A,10000,3514,GFD
85.979875,1,Insert,7057597,B,10000,3509,GFD
86.38099,0,Insert,1942679,B,100,3512,FAK
86.641906,1,Insert,5048149,B,80,3511,GFD
86.682251,1,Insert,5048150,A,2,3510,GFD
86.712602,1,Insert,5048151,A,35,3512,GFD
86.752795,1,Cancel,7057596,,,,
86.752795,1,Cancel,7057597,,,,
86.752795,1,Insert,7057598,A,10000,3514,GFD
86.752795,1,Insert,7057599,B,10000,3509,GFD
86.819604,0,Insert,1806675,A,100,3511,FAK
86.819604,0,Insert,1881145,A,100,3511,FAK
86.820119,1,Cancel,7057598,,,,
86.820119,1,Cancel,7057599,,,,
86.820119,1,Insert,7057600,A,10000,3514,GFD
86.820119,1,Insert,7057601,B,10000,3509,GFD
86.820159,0,Cancel,1811716,,,,
86.820246,0,Insert,1442241,B,1500,3509,GFD
86.820331,0,Cancel,1651914,,,,
86.820382,0,Insert,1586878,A,1500,3513,GFD
86.820535,0,Cancel,1616231,,,,
86.820641,0,Cancel,1482257,,,,
86.820692,0,Insert,1621093,A,500,3514,GFD
86.820824,0,Insert,1879353,B,500,3507,GFD
86.820918,0,Cancel,1514871,,,,
86.821075,0,Insert,1504604,A,500,3516,GFD
87.121653,1,Insert,5048152,B,155,3511,GFD
87.129432,1,Cancel,7057600,,,,
87.129432,1,Cancel,7057601,,,,
87.129432,1,Insert,7057602,A,10000,3514,GFD
87.129432,1,Insert,7057603,B,10000,3509,GFD
87.146543,0,Cancel,1879353,,,,
87.14661,0,Insert,1782627,B,500,3509,GFD
87.219235,0,Insert,1635628,B,100,3512,FAK
87.219429,0,Cancel,1586878,,,,
87.219493,0,Insert,1832421,A,1500,3514,GFD
87.219667,0,Cancel,1832421,,,,
87.219704,0,Insert,1728528,A,1500,3513,GFD
87.219725,0,Cancel,1621093,,,,
87.219741,0,Insert,1748309,A,500,3517,GFD
87.2198,0,Cancel,1748309,,,,
87.219882,0,Insert,1911004,A,500,3514,GFD
87.2202,0,Insert,1895763,A,1000,3517,GFD
87.220279,0,Cancel,1895763,,,,
87.383923,1,Insert,5048153,B,10,3512,GFD
87.43486,1,Insert,5048154,B,10,3513,GFD
87.451993,1,Insert,5048155,A,13,3510,GFD
87.606492,1,Cancel,7057602,,,,
87.606492,1,Cancel,7057603,,,,
87.606492,1,Insert,7057604,A,10000,3514,GFD
87.606492,1,Insert,7057605,B,10000,3509,GFD
87.678149,0,Insert,1740543,A,500,3522,GFD
87.947466,0,Insert,1532650,A,500,3517,GFD
87.947529,0,Cancel,1911004,,,,
87.947672,0,Insert,1650158,A,500,3515,GFD
87.947715,0,Cancel,1504604,,,,
88.404689,1,Insert,5048156,A,60,3511,GFD
88.420408,1,Insert,5048157,A,168,3512,GFD
88.468345,1,Insert,5048158,B,4,3511,GFD
88.713748,1,Insert,5048159,A,32,3513,GFD
88.808773,1,Cancel,7057604,,,,
88.808773,1,Cancel,7057605,,,,
88.808773,1,Insert,7057606,A,10000,3514,GFD
88.808773,1,Insert,7057607,B,10000,3509,GFD
88.833595,0,Cancel,1728528,,,,
88.833595,0,Cancel,1442241,,,,
88.833602,1,Cancel,7057606,,,,
88.833602,1,Cancel,7057607,,,,
88.833602,1,Insert,7057608,A,10000,3514,GFD
88.833602,1,Insert,7057609,B,10000,3509,GFD
88.833606,0,Insert,1949259,B,1500,3510,GFD
88.833628,0,Insert,1786263,A,1500,3514,GFD
88.965015,1,Insert,5048160,B,6,3512,GFD
89.364115,1,Cancel,7057608,,,,
89.364115,1,Cancel,7057609,,,,
89.364115,1,Insert,7057610,A,10000,3514,GFD
89.364115,1,Insert,7057611,B,10000,3509,GFD
89.450078,0,Cancel,1992980,,,,
89.450078,0,Insert,1839992,A,300,3512,GFD
89.450193,0,Cancel,1949259,,,,
89.450207,0,Insert,1712514,B,1500,3509,GFD
89.450263,0,Insert,1550275,A,600,3512,GFD
89.69532,1,Cancel,7057610,,,,
89.69532,1,Cancel,7057611,,,,
89.69532,1,Insert,7057612,A,10000,3514,GFD
89.69532,1,Insert,7057613,B,10000,3509,GFD
89.696971,0,Cancel,1550275,,,,
89.861887,1,Insert,5048161,A,8,3510,GFD
90.217217,1,Insert,5048162,A,54,3510,GFD
90.490961,1,Insert,5048163,A,43,3511,GFD
91.075845,1,Insert,5048164,B,18,3513,GFD
91.093869,1,Cancel,7057612,,,,
91.093869,1,Cancel,7057613,,,,
91.093869,1,Insert,7057614,A,10000,3514,GFD
91.093869,1,Insert,7057615,B,10000,3509,GFD
91.325606,0,Insert,1836659,A,300,3511,FAK
91.325606,0,Insert,1531856,A,500,3511,FAK
91.325606,0,Insert,1570026,A,100,3511,FAK
91.325606,0,Insert,1795536,A,500,3511,FAK
91.325606,0,Insert,1679978,A,100,3511,FAK
91.325606,0,Insert,1928590,A,100,3511,FAK
91.325606,0,Insert,1505928,A,600,3510,FAK
91.325608,1,Cancel,7057614,,,,
91.325608,1,Cancel,7057615,,,,
91.325608,1,Insert,7057616,A,10000,3513,GFD
91.325608,1,Insert,7057617,B,10000,3508,GFD
91.325835,0,Insert,1609736,A,600,3512,GFD
91.325839,1,Cancel,7057616,,,,
91.325839,1,Cancel,7057617,,,,
91.325839,1,Insert,7057618,A,10000,3513,GFD
91.325839,1,Insert,7057619,B,10000,3508,GFD
91.325858,0,Cancel,1671294,,,,
91.325896,0,Cancel,1928083,,,,
91.325914,0,Insert,1634601,A,600,3511,GFD
91.32594,0,Cancel,1712514,,,,
91.32595,0,Insert,1757116,A,100,3512,GFD
91.325976,0,Cancel,1786263,,,,
91.325976,0,Cancel,1904890,,,,
91.325992,0,Insert,1629867,A,1500,3512,GFD
91.326037,0,Cancel,1462880,,,,
91.326045,0,Insert,1402876,B,1500,3508,GFD
91.326065,0,Insert,1454389,A,1000,3511,GFD
91.326079,0,Insert,1554610,A,100,3513,GFD
91.32613,0,Cancel,1782627,,,,
91.326139,0,Cancel,1447349,,,,
91.326147,0,Insert,1509077,A,100,3513,GFD
91.326223,0,Cancel,1782515,,,,
91.326251,0,Cancel,1698490,,,,
91.326262,0,Insert,1757088,A,500,3513,GFD
91.326277,0,Insert,1545635,A,600,3510,GFD
91.326291,0,Insert,1995350,B,1500,3507,GFD
91.326304,0,Cancel,1402876,,,,
91.326313,0,Insert,1609773,A,1000,3510,GFD
91.326328,0,Cancel,1724616,,,,
91.326349,0,Insert,1896095,A,100,3512,GFD
91.326391,0,Insert,1901578,A,100,3512,GFD
91.326423,0,Cancel,1539845,,,,
91.326433,0,Cancel,1629867,,,,
91.32644,0,Cancel,1854454,,,,
91.326474,0,Insert,1639751,A,1500,3511,GFD
91.326499,0,Cancel,1565246,,,,
91.326508,0,Amend,1597594,,-500,,
91.326592,0,Insert,1464101,A,100,3512,GFD
91.32661,0,Insert,1996609,B,1000,3508,GFD
91.326656,0,Insert,1664409,A,500,3513,GFD
91.326701,0,Cancel,1475850,,,,
91.326732,0,Cancel,1650158,,,,
91.326744,0,Insert,1617457,B,500,3508,GFD
91.326761,0,Insert,1887243,A,1000,3512,GFD
91.326792,0,Cancel,1436156,,,,
91.326832,0,Insert,1507992,A,100,3511,GFD
91.326889,0,Cancel,1856944,,,,
91.3269,0,Insert,1970126,A,100,3511,GFD
91.327014,0,Cancel,1413771,,,,
91.327022,0,Cancel,1682729,,,,
91.327042,0,Cancel,1891814,,,,
91.327067,0,Cancel,1633851,,,,
91.327116,0,Cancel,1996609,,,,
91.327126,0,Cancel,1609279,,,,
91.327186,0,Cancel,1424177,,,,
91.327194,0,Insert,1394166,A,500,3515,GFD
91.327209,0,Insert,1572097,A,600,3509,GFD
91.327255,0,Insert,1794955,A,100,3510,GFD
91.327281,0,Insert,1605364,A,500,3514,GFD
91.327309,0,Insert,1963066,A,1000,3509,GFD
91.327325,0,Cancel,1574297,,,,
91.327347,0,Cancel,1995350,,,,
91.327366,0,Insert,1662471,A,100,3511,GFD
91.327381,0,Insert,1739925,B,1500,3506,GFD
91.327417,0,Cancel,1893863,,,,
91.327417,0,Cancel,1394166,,,,
91.327443,0,Insert,1899726,A,100,3508,FAK
91.327443,0,Insert,1453262,A,100,3508,FAK
91.327443,0,Insert,1490704,A,100,3508,FAK
91.327443,0,Insert,1913525,A,500,3508,FAK
91.327527,0,Insert,1781964,A,1500,3510,GFD
91.327555,0,Cancel,1639751,,,,
91.327555,0,Insert,1444169,A,100,3511,GFD
91.327571,0,Insert,1665483,A,200,3508,GFD
91.327596,0,Cancel,1428479,,,,
91.32773,0,Insert,1847122,A,1000,3508,GFD
91.327779,0,Cancel,1971386,,,,
91.32779,0,Insert,1807663,A,600,3508,GFD
91.327826,0,Cancel,1426880,,,,
91.327873,0,Cancel,1664409,,,,
91.327881,0,Insert,1506040,A,100,3510,GFD
91.327896,0,Cancel,1975303,,,,
91.327907,0,Cancel,1739925,,,,
91.327914,0,Cancel,1709480,,,,
91.327948,0,Cancel,1781964,,,,
91.327948,0,Insert,1737723,A,100,3510,GFD
91.327962,0,Insert,1566211,A,1500,3509,GFD
91.328012,0,Insert,1606365,A,500,3510,GFD
91.328038,0,Insert,1482487,A,500,3511,GFD
91.328066,0,Cancel,1558762,,,,
91.328086,0,Cancel,1532175,,,,
91.328114,0,Cancel,1709430,,,,
91.328123,0,Insert,1944889,A,300,3507,FAK
91.328123,0,Insert,1446483,A,100,3507,FAK
91.328123,0,Insert,1413789,A,500,3507,FAK
91.328123,0,Insert,1399956,A,400,3507,FAK
91.328186,0,Insert,1450786,B,200,3508,FAK
91.328186,0,Insert,1764543,B,1000,3508,FAK
91.328293,0,Cancel,1463303,,,,
91.328339,0,Insert,1545283,A,500,3511,GFD
91.328402,0,Amend,1887243,,-500,,
91.328434,0,Insert,1469412,A,100,3507,FAK
91.328434,0,Insert,1782548,A,100,3507,GFD
91.328475,0,Insert,1877846,A,1500,3510,GFD
91.328497,0,Cancel,1566211,,,,
91.32852,0,Insert,1738946,A,100,3510,GFD
91.328617,0,Insert,1498773,A,600,3507,GFD
91.328686,0,Cancel,1877846,,,,
91.328696,0,Cancel,1782548,,,,
91.328727,0,Insert,1725337,B,1500,3504,GFD
91.328772,0,Cancel,1392257,,,,
91.328781,0,Insert,1619809,A,1500,3509,GFD
91.328843,0,Cancel,1498773,,,,
91.328857,0,Insert,1465660,A,100,3509,GFD
91.328945,0,Insert,1639315,A,1000,3508,GFD
91.328977,0,Insert,1675428,B,1000,3506,GFD
91.329002,0,Insert,1911432,A,500,3510,GFD
91.329032,0,Cancel,1982370,,,,
91.329043,0,Cancel,1887243,,,,
91.329058,0,Cancel,1465660,,,,
91.329083,0,Insert,1786809,B,1500,3505,GFD
91.32911,0,Cancel,1725337,,,,
91.32918,0,Insert,1669070,A,500,3512,GFD
91.329197,0,Insert,1897715,A,100,3509,GFD
91.329233,0,Insert,1617843,A,100,3509,GFD
91.329248,0,Cancel,1786809,,,,
91.329258,0,Cancel,1982888,,,,
91.329267,0,Insert,1568889,B,1500,3504,GFD
91.329282,0,Cancel,1759611,,,,
91.329307,0,Cancel,1695360,,,,
91.329334,0,Insert,1982853,B,1500,3505,GFD
91.329627,0,Cancel,1982853,,,,
91.366151,0,Insert,1505490,B,1000,3504,GFD
91.366233,0,Insert,1826560,B,1000,3503,GFD
91.366324,0,Insert,1550130,B,1000,3502,GFD
91.366408,0,Insert,1722107,B,500,3501,GFD
91.399981,0,Cancel,1662471,,,,
91.400018,0,Cancel,1901578,,,,
91.400055,0,Cancel,1554610,,,,
91.400079,0,Cancel,1567403,,,,
91.400102,0,Insert,1855678,B,100,3503,GFD
91.402661,0,Cancel,1654142,,,,
91.402666,0,Insert,1760030,B,100,3497,GFD
91.402739,0,Insert,1522189,B,100,3496,GFD
91.406178,0,Cancel,1977226,,,,
91.406318,0,Cancel,1861275,,,,
91.425827,0,Insert,1932410,B,600,3500,GFD
91.435823,0,Insert,1586723,B,600,3499,GFD
91.43953,0,Insert,1947097,B,400,3502,GFD
91.440553,0,Insert,1583975,A,400,3511,GFD
91.445861,0,Insert,1761932,B,600,3498,GFD
91.455837,0,Insert,1651607,B,600,3497,GFD
91.465827,0,Insert,1630973,B,600,3496,GFD
91.475825,0,Insert,1758320,B,600,3495,GFD
91.541451,1,Cancel,7057618,,,,
91.541451,1,Cancel,7057619,,,,
91.541451,1,Insert,7057620,A,10000,3510,GFD
91.541451,1,Insert,7057621,B,10000,3505,GFD
91.602614,0,Insert,1506477,B,100,3495,GFD
91.602628,0,Insert,1415000,B,100,3494,GFD
91.718212,1,Insert,5048165,B,40,3506,GFD
91.761371,0,Insert,1394378,A,100,3508,GFD
91.797078,1,Insert,5048166,A,4,3505,GFD
91.988362,1,Insert,5048167,B,35,3508,GFD
92.052863,1,Insert,5048168,A,187,3507,GFD
92.177262,1,Cancel,7057620,,,,
92.177262,1,Cancel,7057621,,,,
92.177262,1,Insert,7057622,A,10000,3510,GFD
92.177262,1,Insert,7057623,B,10000,3505,GFD
92.361925,0,Cancel,1608503,,,,
92.362028,0,Insert,1889704,A,100,3508,GFD
92.36206,0,Cancel,1734744,,,,
92.362086,0,Insert,1460225,A,100,3507,GFD
92.362122,0,Insert,1929293,A,600,3507,GFD
92.362156,0,Cancel,1675428,,,,
92.362177,0,Insert,1738571,A,100,3507,GFD
92.362195,0,Insert,1792653,A,100,3509,GFD
92.362211,0,Cancel,1619809,,,,
92.362211,0,Insert,1435516,A,1500,3508,GFD
92.362252,0,Insert,1815207,A,1000,3507,GFD
92.36227,0,Insert,1458701,B,1000,3505,GFD
92.362327,0,Cancel,1980614,,,,
92.362334,0,Amend,1550130,,-500,,
92.362369,0,Insert,1486030,A,100,3509,GFD
92.362401,0,Insert,1753338,A,500,3509,GFD
92.362462,0,Insert,1395950,B,100,3504,GFD
92.36249,0,Cancel,1505490,,,,
92.36249,0,Insert,1482556,A,500,3509,GFD
92.3625,0,Insert,1647673,B,100,3493,GFD
92.362597,0,Insert,1912124,B,100,3493,GFD
92.362616,0,Insert,1886822,A,1000,3509,GFD
92.362683,0,Cancel,1545283,,,,
92.362733,0,Cancel,1886822,,,,
92.362751,0,Insert,1975550,B,500,3500,GFD
92.362763,0,Insert,1513526,B,500,3501,GFD
92.362878,0,Insert,1809712,B,100,3501,GFD
92.362905,0,Insert,1907327,B,100,3504,GFD
92.36295,0,Insert,1862316,B,500,3500,GFD
92.363013,0,Insert,1638262,B,100,3501,GFD
92.363024,0,Insert,1681917,B,500,3502,GFD
92.363085,0,Cancel,1513526,,,,
92.363094,0,Insert,1915447,B,100,3494,GFD
92.363122,0,Insert,1906988,B,100,3494,GFD
92.363205,0,Insert,1762691,B,100,3495,GFD
92.363255,0,Insert,1789413,B,100,3495,GFD
92.363267,0,Insert,1717538,B,500,3503,GFD
92.363283,0,Insert,1854687,B,100,3497,GFD
92.363312,0,Insert,1954485,B,100,3497,GFD
92.363329,0,Cancel,1681917,,,,
92.363358,0,Cancel,1460225,,,,
92.363409,0,Cancel,1738571,,,,
92.363435,0,Insert,1765130,B,100,3500,GFD
92.363445,0,Insert,1957785,B,500,3501,GFD
92.363507,0,Insert,1883291,B,500,3502,GFD
92.36357,0,Cancel,1957785,,,,
92.363712,0,Insert,1449159,B,500,3501,GFD
92.363752,0,Cancel,1862316,,,,
92.36753,0,Insert,1989641,A,100,3507,GFD
92.399959,0,Cancel,1506040,,,,
92.402627,0,Cancel,1622041,,,,
92.463458,0,Insert,1483991,B,500,3499,GFD
92.663795,1,Insert,5048169,B,15,3508,GFD
92.99161,1,Insert,5048170,B,16,3508,GFD
93.005066,1,Insert,5048171,B,54,3505,GFD
93.430492,1,Cancel,7057622,,,,
93.430492,1,Cancel,7057623,,,,
93.430492,1,Insert,7057624,A,10000,3509,GFD
93.430492,1,Insert,7057625,B,10000,3504,GFD
93.439218,0,Insert,1673789,B,500,3504,GFD
93.439265,1,Cancel,7057624,,,,
93.439265,1,Cancel,7057625,,,,
93.439265,1,Insert,7057626,A,10000,3509,GFD
93.439265,1,Insert,7057627,B,10000,3504,GFD
93.439274,0,Cancel,1717538,,,,
93.480881,1,Cancel,7057626,,,,
93.480881,1,Cancel,7057627,,,,
93.480881,1,Insert,7057628,A,10000,3509,GFD
93.480881,1,Insert,7057629,B,10000,3504,GFD
93.636692,0,Insert,1835600,B,100,3507,FAK
93.63687,0,Cancel,1435516,,,,
93.636877,0,Insert,1760060,A,1500,3509,GFD
93.636961,0,Cancel,1760060,,,,
93.637027,0,Insert,1710362,A,1500,3508,GFD
93.637042,0,Cancel,1883291,,,,
93.637077,0,Insert,1908212,A,500,3512,GFD
93.637088,0,Cancel,1482556,,,,
93.637112,0,Insert,1528591,B,500,3503,GFD
93.63722,0,Cancel,1673789,,,,
93.637235,0,Insert,1483711,B,600,3506,GFD
93.637299,0,Cancel,1815207,,,,
93.637317,0,Insert,1549383,B,300,3506,GFD
93.637328,0,Insert,1962543,A,500,3509,GFD
93.637392,0,Insert,1517917,B,100,3504,GFD
93.637403,0,Cancel,1908212,,,,
93.63741,0,Insert,1656321,B,500,3502,GFD
93.637457,0,Cancel,1710362,,,,
93.637493,0,Cancel,1962543,,,,
93.637493,0,Insert,1491231,B,1500,3504,GFD
93.63753,0,Insert,1546122,A,1500,3509,GFD
93.637557,0,Cancel,1889704,,,,
93.637571,0,Cancel,1656321,,,,
93.637576,0,Amend,1491231,,-500,,
93.637667,0,Insert,1511017,A,500,3512,GFD
93.637757,0,Insert,1692466,B,500,3504,GFD
93.637768,0,Insert,1675114,B,500,3507,FAK
93.637768,0,Insert,1585631,B,100,3507,FAK
93.637828,0,Cancel,1528591,,,,
93.637872,0,Insert,1994510,B,600,3504,GFD
93.637903,0,Insert,1915255,B,1000,3506,GFD
93.637923,0,Cancel,1792653,,,,
93.637936,0,Cancel,1394378,,,,
93.637936,0,Cancel,1568889,,,,
93.63794,0,Insert,1567365,B,1500,3505,GFD
93.637952,0,Insert,1413948,B,500,3502,GFD
93.637985,0,Insert,1633460,A,100,3510,GFD
93.637995,0,Cancel,1753338,,,,
93.638003,0,Cancel,1486030,,,,
93.63801,0,Insert,1801812,B,600,3505,GFD
93.638058,0,Cancel,1449159,,,,
93.638115,0,Cancel,1639315,,,,
93.638182,0,Cancel,1807663,,,,
93.63825,0,Cancel,1617843,,,,
93.638302,0,Cancel,1911432,,,,
93.638302,0,Cancel,1606365,,,,
93.643996,0,Insert,1624826,B,100,3505,GFD
93.644029,0,Insert,1536292,B,100,3505,GFD
93.650648,0,Insert,1961581,A,100,3513,GFD
93.656351,0,Insert,1760110,B,100,3502,GFD
93.656379,0,Insert,1494178,B,100,3502,GFD
93.678395,0,Insert,1392894,A,500,3510,GFD
93.67847,0,Insert,1978270,A,500,3511,GFD
93.67854,0,Cancel,1511017,,,,
93.699961,0,Cancel,1855678,,,,
94.484311,1,Insert,5048172,B,163,3507,GFD
94.485564,1,Cancel,7057628,,,,
94.485564,1,Cancel,7057629,,,,
94.485564,1,Insert,7057630,A,10000,3510,GFD
94.485564,1,Insert,7057631,B,10000,3505,GFD
94.517738,0,Cancel,1941997,,,,
94.640552,1,Cancel,7057630,,,,
94.640552,1,Cancel,7057631,,,,
94.640552,1,Insert,7057632,A,10000,3510,GFD
94.640552,1,Insert,7057633,B,10000,3505,GFD
94.651716,0,Insert,1965156,A,100,3511,GFD
95.047682,0,Cancel,1590818,,,,
95.310462,1,Insert,5048173,A,120,3508,GFD
95.67728,1,Insert,5048174,B,19,3509,GFD
95.838388,1,Cancel,7057632,,,,
95.838388,1,Cancel,7057633,,,,
95.838388,1,Insert,7057634,A,10000,3510,GFD
95.838388,1,Insert,7057635,B,10000,3505,GFD
95.996649,0,Cancel,1965156,,,,
96.081489,1,Cancel,7057634,,,,
96.081489,1,Cancel,7057635,,,,
96.081489,1,Insert,7057636,A,10000,3510,GFD
96.081489,1,Insert,7057637,B,10000,3505,GFD
96.187307,0,Insert,1735825,B,100,3509,FAK
96.187331,1,Cancel,7057636,,,,
96.187331,1,Cancel,7057637,,,,
96.187331,1,Insert,7057638,A,10000,3510,GFD
96.187331,1,Insert,7057639,B,10000,3505,GFD
96.187419,0,Insert,1405575,B,600,3506,GFD
96.187452,0,Cancel,1897715,,,,
96.187499,0,Cancel,1567365,,,,
96.187507,0,Insert,1459267,B,100,3506,GFD
96.187518,0,Insert,1844617,B,100,3505,GFD
96.187528,0,Insert,1853572,A,1500,3510,GFD
96.187537,0,Insert,1821502,B,500,3506,GFD
96.18757,0,Insert,1979472,B,1500,3506,GFD
96.187587,0,Insert,1712133,A,1500,3509,GFD
96.187597,0,Insert,1912971,B,1500,3505,GFD
96.187621,0,Cancel,1392894,,,,
96.187621,0,Cancel,1737723,,,,
96.18764,0,Cancel,1546122,,,,
96.187669,0,Cancel,1853572,,,,
96.187669,0,Cancel,1963066,,,,
96.187683,0,Amend,1826560,,-500,,
96.187724,0,Cancel,1979472,,,,
96.187732,0,Insert,1639474,B,500,3505,GFD
96.187745,0,Insert,1447561,B,100,3506,GFD
96.187827,0,Cancel,1639474,,,,
96.187987,0,Insert,1578353,B,500,3503,GFD
96.199966,0,Cancel,1517917,,,,
96.200032,0,Cancel,1821502,,,,
96.227934,0,Insert,1553384,A,500,3510,GFD
96.371996,1,Insert,5048175,B,94,3508,GFD
96.40262,0,Insert,1875616,A,100,3510,GFD
